<marc:record xmlns:marc="http://www.loc.gov/MARC21/slim" xmlns:xsi="http://www.w3.org/2001/XMLSchema-instance"><marc:leader>01060cam a2200313 a 4500</marc:leader>
<marc:controlfield tag="001">714783</marc:controlfield>
<marc:controlfield tag="005">20091106234326.0</marc:controlfield><marc:controlfield tag="008">920521s1991    xxu||||  |||| 10||0|eng  </marc:controlfield><marc:datafield tag="035" ind1=" " ind2=" "><marc:subfield code="9">9207829</marc:subfield></marc:datafield><marc:datafield tag="040" ind1=" " ind2=" "><marc:subfield code="a">DNLM</marc:subfield><marc:subfield code="c">DNLM</marc:subfield></marc:datafield><marc:datafield tag="041" ind1="0" ind2="9"><marc:subfield code="a">eng</marc:subfield></marc:datafield><marc:datafield tag="044" ind1=" " ind2=" "><marc:subfield code="9">United States</marc:subfield></marc:datafield><marc:datafield tag="060" ind1="0" ind2="0"><marc:subfield code="a">W1</marc:subfield><marc:subfield code="b">CY799A v.5 1991</marc:subfield></marc:datafield><marc:datafield tag="060" ind1="1" ind2="0"><marc:subfield code="a">QH 573</marc:subfield><marc:subfield code="b">I619a 1991</marc:subfield></marc:datafield><marc:datafield tag="110" ind1="2" ind2=" "><marc:subfield code="a">International Society for Analytical Cytology.</marc:subfield><marc:subfield code="b">Congress</marc:subfield><marc:subfield code="n">(15th :</marc:subfield><marc:subfield code="d">1991 :</marc:subfield><marc:subfield code="c">Bergen, Norway)</marc:subfield></marc:datafield><marc:datafield tag="245" ind1="1" ind2="0"><marc:subfield code="a">Abstracts for the XV Congress of the International Society for Analytical Cytology, Bergen, Norway, August 25-30, 1991 /</marc:subfield><marc:subfield code="c">guest editors, Ole Petter Clausen ... [et al.].</marc:subfield></marc:datafield><marc:datafield tag="260" ind1=" " ind2=" "><marc:subfield code="a">[New York] :</marc:subfield><marc:subfield code="b">Wiley-Liss,</marc:subfield><marc:subfield code="c">[1991]</marc:subfield></marc:datafield><marc:datafield tag="300" ind1=" " ind2=" "><marc:subfield code="a">158 p. :</marc:subfield><marc:subfield code="b">ill.</marc:subfield></marc:datafield><marc:datafield tag="490" ind1="1" ind2=" "><marc:subfield code="a">Cytometry.  Supplement ;</marc:subfield><marc:subfield code="v">5</marc:subfield></marc:datafield><marc:datafield tag="500" ind1=" " ind2=" "><marc:subfield code="a">Cover title.</marc:subfield></marc:datafield><marc:datafield tag="500" ind1=" " ind2=" "><marc:subfield code="a">Includes indexes.</marc:subfield></marc:datafield><marc:datafield tag="650" ind1=" " ind2="2"><marc:subfield code="a">Cell Biology</marc:subfield></marc:datafield><marc:datafield tag="650" ind1=" " ind2="2"><marc:subfield code="a">Cytodiagnosis</marc:subfield></marc:datafield><marc:datafield tag="650" ind1=" " ind2="2"><marc:subfield code="a">Cytological Techniques</marc:subfield></marc:datafield><marc:datafield tag="655" ind1=" " ind2="2"><marc:subfield code="a">Congresses</marc:subfield></marc:datafield><marc:datafield tag="700" ind1="1" ind2=" "><marc:subfield code="a">Clausen, Ole Petter Fraas.</marc:subfield></marc:datafield><marc:datafield tag="830" ind1=" " ind2="0"><marc:subfield code="a">Cytometry.  Supplement ;</marc:subfield><marc:subfield code="v">5.</marc:subfield></marc:datafield><marc:datafield tag="995" ind1=" " ind2=" "><marc:subfield code="a">AUTH</marc:subfield><marc:subfield code="b">19920521</marc:subfield><marc:subfield code="c">REV</marc:subfield><marc:subfield code="d">20091106</marc:subfield></marc:datafield><marc:datafield tag="999" ind1=" " ind2=" "><marc:subfield code="a">AUTH</marc:subfield></marc:datafield></marc:record>