<marc:record xmlns:marc="http://www.loc.gov/MARC21/slim" xmlns:xsi="http://www.w3.org/2001/XMLSchema-instance"><marc:leader>01433cas a2200373 a 4500</marc:leader>
<marc:controlfield tag="001">804192</marc:controlfield>
<marc:controlfield tag="005">20091106235837.0</marc:controlfield><marc:controlfield tag="008">960201d19771981xxuar         1||| 0eng  </marc:controlfield><marc:datafield tag="035" ind1=" " ind2=" "><marc:subfield code="a">(OCoLC)04705367</marc:subfield></marc:datafield><marc:datafield tag="035" ind1=" " ind2=" "><marc:subfield code="9">9601448</marc:subfield></marc:datafield><marc:datafield tag="040" ind1=" " ind2=" "><marc:subfield code="a">DNLM</marc:subfield><marc:subfield code="c">DNLM</marc:subfield></marc:datafield><marc:datafield tag="041" ind1="0" ind2="9"><marc:subfield code="a">eng</marc:subfield></marc:datafield><marc:datafield tag="044" ind1=" " ind2=" "><marc:subfield code="9">United States</marc:subfield></marc:datafield><marc:datafield tag="060" ind1="0" ind2="0"><marc:subfield code="a">W1</marc:subfield><marc:subfield code="b">JO905FA v.1-5 1977-1981</marc:subfield></marc:datafield><marc:datafield tag="111" ind1="2" ind2=" "><marc:subfield code="a">ICN-UCLA Symposia, Molecular and Cellular Biology.</marc:subfield></marc:datafield><marc:datafield tag="245" ind1="1" ind2="0"><marc:subfield code="a">Abstracts /</marc:subfield><marc:subfield code="c">ICN-UCLA Symposia, Molecular and Cellular Biology.</marc:subfield></marc:datafield><marc:datafield tag="260" ind1=" " ind2=" "><marc:subfield code="b">New York :</marc:subfield><marc:subfield code="b">Liss,</marc:subfield><marc:subfield code="c">1977-1981.</marc:subfield></marc:datafield><marc:datafield tag="300" ind1=" " ind2=" "><marc:subfield code="a">5 v.</marc:subfield></marc:datafield><marc:datafield tag="310" ind1=" " ind2=" "><marc:subfield code="a">Annual</marc:subfield></marc:datafield><marc:datafield tag="362" ind1="0" ind2=" "><marc:subfield code="a">6th (Feb. 20-Mar.25, 1977)-10th (Feb. 8-Mar. 20, 1981.</marc:subfield></marc:datafield><marc:datafield tag="490" ind1="1" ind2=" "><marc:subfield code="a">1977-1980: Journal of supramolecular structure. Supplement ;</marc:subfield><marc:subfield code="v">1 (1977)-4 (1979)</marc:subfield></marc:datafield><marc:datafield tag="490" ind1="1" ind2=" "><marc:subfield code="a">1981: Journal of supramolecular structure and celllular biochemistry. Supplement</marc:subfield><marc:subfield code="v">5</marc:subfield></marc:datafield><marc:datafield tag="500" ind1=" " ind2=" "><marc:subfield code="a">Title from cover.</marc:subfield></marc:datafield><marc:datafield tag="515" ind1=" " ind2=" "><marc:subfield code="a">Abstracts of the 1st-5th symposia never published.</marc:subfield></marc:datafield><marc:datafield tag="650" ind1=" " ind2="2"><marc:subfield code="a">Cell Biology</marc:subfield></marc:datafield><marc:datafield tag="650" ind1=" " ind2="2"><marc:subfield code="a">Molecular Biology</marc:subfield></marc:datafield><marc:datafield tag="655" ind1=" " ind2="2"><marc:subfield code="a">Congresses</marc:subfield></marc:datafield><marc:datafield tag="710" ind1="2" ind2=" "><marc:subfield code="a">ICN Pharmaceuticals, inc.</marc:subfield></marc:datafield><marc:datafield tag="710" ind1="2" ind2=" "><marc:subfield code="a">University of California, Los Angeles.</marc:subfield><marc:subfield code="b">Molecular Biology Institute.</marc:subfield></marc:datafield><marc:datafield tag="785" ind1="0" ind2="0"><marc:subfield code="a">UCLA Symposium.</marc:subfield><marc:subfield code="t">Abstracts</marc:subfield><marc:subfield code="w">(DLC)sc 85008253</marc:subfield></marc:datafield><marc:datafield tag="830" ind1=" " ind2="0"><marc:subfield code="a">Journal of supramolecular structure.</marc:subfield><marc:subfield code="p">Supplement</marc:subfield><marc:subfield code="v">1 (1977)-4 (1980)</marc:subfield></marc:datafield><marc:datafield tag="830" ind1=" " ind2="0"><marc:subfield code="a">Journal of supramolecular structure and cellular biochemistry.</marc:subfield><marc:subfield code="p">Supplement</marc:subfield><marc:subfield code="v">5.</marc:subfield></marc:datafield><marc:datafield tag="995" ind1=" " ind2=" "><marc:subfield code="a">AUTH</marc:subfield><marc:subfield code="b">19960201</marc:subfield><marc:subfield code="c">REV</marc:subfield><marc:subfield code="d">20091106</marc:subfield></marc:datafield><marc:datafield tag="999" ind1=" " ind2=" "><marc:subfield code="a">AUTH</marc:subfield></marc:datafield></marc:record>