<marc:record xmlns:marc="http://www.loc.gov/MARC21/slim" xmlns:xsi="http://www.w3.org/2001/XMLSchema-instance"><marc:leader>01051cam a22002651  4500</marc:leader>
<marc:controlfield tag="001">118154</marc:controlfield>
<marc:controlfield tag="005">20091106224150.0</marc:controlfield><marc:controlfield tag="008">811121s1964    ne ||||  |||| 00| 0|eng b</marc:controlfield><marc:datafield tag="035" ind1=" " ind2=" "><marc:subfield code="9">0371040R</marc:subfield></marc:datafield><marc:datafield tag="040" ind1=" " ind2=" "><marc:subfield code="a">DNLM</marc:subfield><marc:subfield code="c">DNLM</marc:subfield></marc:datafield><marc:datafield tag="041" ind1="0" ind2="9"><marc:subfield code="a">eng</marc:subfield></marc:datafield><marc:datafield tag="044" ind1=" " ind2=" "><marc:subfield code="9">Netherlands</marc:subfield></marc:datafield><marc:datafield tag="060" ind1="0" ind2="0"><marc:subfield code="a">W3</marc:subfield><marc:subfield code="b">EX89 no.77 1964</marc:subfield></marc:datafield><marc:datafield tag="111" ind1="2" ind2=" "><marc:subfield code="a">International Congress for Cell Biology</marc:subfield><marc:subfield code="n">(11th :</marc:subfield><marc:subfield code="d">1964 :</marc:subfield><marc:subfield code="c">Providence)</marc:subfield></marc:datafield><marc:datafield tag="245" ind1="1" ind2="0"><marc:subfield code="a">Abstracts of papers presented.</marc:subfield><marc:subfield code="c">Organized under the auspices of the International Society of Cell Biology, sponsored by the National Academy of Sciences - the National Research Council and Brown University, Providence, Rhode Island, August 30-September 5, 1964.</marc:subfield></marc:datafield><marc:datafield tag="260" ind1=" " ind2=" "><marc:subfield code="a">Amsterdam,</marc:subfield><marc:subfield code="b">Excerpta Medica Foundation</marc:subfield><marc:subfield code="c">[1964]</marc:subfield></marc:datafield><marc:datafield tag="300" ind1=" " ind2=" "><marc:subfield code="a">46 p.</marc:subfield></marc:datafield><marc:datafield tag="490" ind1="1" ind2=" "><marc:subfield code="a">International congress series ;</marc:subfield><marc:subfield code="v">no. 77</marc:subfield></marc:datafield><marc:datafield tag="650" ind1=" " ind2="2"><marc:subfield code="a">Cell Biology</marc:subfield></marc:datafield><marc:datafield tag="650" ind1=" " ind2="2"><marc:subfield code="a">Genetics</marc:subfield></marc:datafield><marc:datafield tag="710" ind1="2" ind2=" "><marc:subfield code="a">International Society for Cell Biology.</marc:subfield></marc:datafield><marc:datafield tag="710" ind1="2" ind2=" "><marc:subfield code="a">National Research Council (U.S.)</marc:subfield></marc:datafield><marc:datafield tag="830" ind1=" " ind2="0"><marc:subfield code="a">International congress series ;</marc:subfield><marc:subfield code="v">no. 77.</marc:subfield></marc:datafield><marc:datafield tag="995" ind1=" " ind2=" "><marc:subfield code="a">AUTH</marc:subfield><marc:subfield code="b">19811121</marc:subfield><marc:subfield code="c">REV</marc:subfield><marc:subfield code="d">20091106</marc:subfield></marc:datafield><marc:datafield tag="999" ind1=" " ind2=" "><marc:subfield code="a">AUTH</marc:subfield></marc:datafield></marc:record>