<marc:record xmlns:marc="http://www.loc.gov/MARC21/slim" xmlns:xsi="http://www.w3.org/2001/XMLSchema-instance"><marc:leader>01006cam a22002771  4500</marc:leader>
<marc:controlfield tag="001">118060</marc:controlfield>
<marc:controlfield tag="005">20100825104056.0</marc:controlfield><marc:controlfield tag="008">811121s1954    ne ||||  |||| 00| 0|engd </marc:controlfield><marc:datafield tag="035" ind1=" " ind2=" "><marc:subfield code="9">0371004R</marc:subfield></marc:datafield><marc:datafield tag="040" ind1=" " ind2=" "><marc:subfield code="a">DNLM</marc:subfield><marc:subfield code="c">DNLM</marc:subfield></marc:datafield><marc:datafield tag="041" ind1="0" ind2="9"><marc:subfield code="a">eng</marc:subfield></marc:datafield><marc:datafield tag="044" ind1=" " ind2=" "><marc:subfield code="9">Netherlands</marc:subfield></marc:datafield><marc:datafield tag="060" ind1="0" ind2="0"><marc:subfield code="a">W3</marc:subfield><marc:subfield code="b">EX89 no.4 1954</marc:subfield></marc:datafield><marc:datafield tag="111" ind1="2" ind2=" "><marc:subfield code="a">International Congress for Cell Biology</marc:subfield><marc:subfield code="n">(8th :</marc:subfield><marc:subfield code="d">1954 :</marc:subfield><marc:subfield code="c">Leyden)</marc:subfield></marc:datafield><marc:datafield tag="245" ind1="1" ind2="0"><marc:subfield code="a">Abstracts of papers read.</marc:subfield></marc:datafield><marc:datafield tag="260" ind1=" " ind2=" "><marc:subfield code="a">[Amsterdam :</marc:subfield><marc:subfield code="b">Excerpta medica,</marc:subfield><marc:subfield code="c">1954].</marc:subfield></marc:datafield><marc:datafield tag="300" ind1=" " ind2=" "><marc:subfield code="a">p. 387-436.</marc:subfield></marc:datafield><marc:datafield tag="490" ind1="1" ind2=" "><marc:subfield code="a">Excerpta medica. Section 1, Anatomy, anthropology, embryology, and histology ;</marc:subfield><marc:subfield code="v">v. 8, no. 9</marc:subfield></marc:datafield><marc:datafield tag="500" ind1=" " ind2=" "><marc:subfield code="a">Excerpta medica. [International congress series, no. 4].</marc:subfield></marc:datafield><marc:datafield tag="500" ind1=" " ind2=" "><marc:subfield code="a">Caption title.</marc:subfield></marc:datafield><marc:datafield tag="590" ind1=" " ind2=" "><marc:subfield code="a">-- ---    Another copy.</marc:subfield><marc:subfield code="b">ZW 1 E954 v.8 no.9 1954</marc:subfield></marc:datafield><marc:datafield tag="650" ind1=" " ind2="2"><marc:subfield code="a">Cell Biology</marc:subfield></marc:datafield><marc:datafield tag="830" ind1=" " ind2="0"><marc:subfield code="a">Excerpta medica. Section 1, Anatomy, anthropology, embryology, and histology ;</marc:subfield><marc:subfield code="v">v. 8, no. 9.</marc:subfield></marc:datafield><marc:datafield tag="830" ind1=" " ind2="0"><marc:subfield code="a">International congress series ;</marc:subfield><marc:subfield code="v">no. 4.</marc:subfield></marc:datafield><marc:datafield tag="995" ind1=" " ind2=" "><marc:subfield code="a">AUTH</marc:subfield><marc:subfield code="b">19811121</marc:subfield><marc:subfield code="c">REV</marc:subfield><marc:subfield code="d">20100825</marc:subfield></marc:datafield><marc:datafield tag="999" ind1=" " ind2=" "><marc:subfield code="a">AUTH</marc:subfield></marc:datafield></marc:record>