<marc:record xmlns:marc="http://www.loc.gov/MARC21/slim" xmlns:xsi="http://www.w3.org/2001/XMLSchema-instance"><marc:leader>02195ckm a2200505 a 4500</marc:leader>
<marc:controlfield tag="001">1456389</marc:controlfield>
<marc:controlfield tag="005">20100713133413.0</marc:controlfield><marc:controlfield tag="007">kf co </marc:controlfield><marc:controlfield tag="008">050919s2003    mdunnn f     fr   kneng  </marc:controlfield><marc:datafield tag="035" ind1=" " ind2=" "><marc:subfield code="a">(DNLM)IHM:0065086</marc:subfield></marc:datafield><marc:datafield tag="035" ind1=" " ind2=" "><marc:subfield code="9">101456389</marc:subfield></marc:datafield><marc:datafield tag="037" ind1=" " ind2=" "><marc:subfield code="a">C04037</marc:subfield><marc:subfield code="b">DNLM</marc:subfield></marc:datafield><marc:datafield tag="040" ind1=" " ind2=" "><marc:subfield code="a">DNLM</marc:subfield><marc:subfield code="c">DNLM</marc:subfield><marc:subfield code="e">gihc</marc:subfield></marc:datafield><marc:datafield tag="041" ind1="0" ind2="9"><marc:subfield code="a">eng</marc:subfield></marc:datafield><marc:datafield tag="044" ind1=" " ind2=" "><marc:subfield code="9">United States</marc:subfield></marc:datafield><marc:datafield tag="060" ind1="0" ind2="0"><marc:subfield code="a">PP05413</marc:subfield><marc:subfield code="b">map</marc:subfield></marc:datafield><marc:datafield tag="245" ind1="0" ind2="0"><marc:subfield code="a">Accelerating mathematical biological linkages</marc:subfield><marc:subfield code="h">[graphic].</marc:subfield></marc:datafield><marc:datafield tag="260" ind1=" " ind2=" "><marc:subfield code="a">[Bethesda, Md. :</marc:subfield><marc:subfield code="b">Medical Arts and Photography Branch, National Institutes of Health,</marc:subfield><marc:subfield code="c">2003]</marc:subfield></marc:datafield><marc:datafield tag="300" ind1=" " ind2=" "><marc:subfield code="a">1 photomechanical print (poster) :</marc:subfield><marc:subfield code="b">col. ;</marc:subfield><marc:subfield code="c">56 x 43 cm.</marc:subfield></marc:datafield><marc:datafield tag="500" ind1=" " ind2=" "><marc:subfield code="a">Accession number:  03-11.</marc:subfield></marc:datafield><marc:datafield tag="500" ind1=" " ind2=" "><marc:subfield code="a">Poster caption:  Dr. Rita Colwell and Dr. Elias Zerhouni announce a joint NSF/NIH symposium.</marc:subfield></marc:datafield><marc:datafield tag="500" ind1=" " ind2=" "><marc:subfield code="a">Speaker, Joel E. Cohen.</marc:subfield></marc:datafield><marc:datafield tag="500" ind1=" " ind2=" "><marc:subfield code="a">Poster has crease marks.</marc:subfield></marc:datafield><marc:datafield tag="506" ind1=" " ind2=" "><marc:subfield code="a">HMD provides access to digital images in lieu of originals when electronic copies exist.  Access to originals may require advance notice.  Please see HMD Reference Librarian for more information.</marc:subfield></marc:datafield><marc:datafield tag="520" ind1=" " ind2=" "><marc:subfield code="a">Subject: The poster is chiefly text with a small portrait of Joel E. Cohen. The titles of the topics to be discussed are: Cell structure and function; Multispecies systems; and Bioinformatics and computational problems. The logos for the University of Maryland, NSF, NIH, and Department of Health and Human Services are in the lower left corner.</marc:subfield></marc:datafield><marc:datafield tag="530" ind1=" " ind2=" "><marc:subfield code="a">Also available online.</marc:subfield></marc:datafield><marc:datafield tag="540" ind1=" " ind2=" "><marc:subfield code="a">The National Library of Medicine believes this item to be in the public domain.</marc:subfield><marc:subfield code="5">DNLM</marc:subfield></marc:datafield><marc:datafield tag="650" ind1="1" ind2="2"><marc:subfield code="a">Computational Biology</marc:subfield></marc:datafield><marc:datafield tag="650" ind1="2" ind2="2"><marc:subfield code="a">Cell Biology</marc:subfield></marc:datafield><marc:datafield tag="655" ind1=" " ind2="2"><marc:subfield code="a">Posters</marc:subfield></marc:datafield><marc:datafield tag="655" ind1=" " ind2="2"><marc:subfield code="a">Congresses</marc:subfield></marc:datafield><marc:datafield tag="655" ind1=" " ind2="2"><marc:subfield code="a">Portraits</marc:subfield></marc:datafield><marc:datafield tag="700" ind1="1" ind2=" "><marc:subfield code="a">Colwell, Rita R.,</marc:subfield><marc:subfield code="d">1934-</marc:subfield></marc:datafield><marc:datafield tag="700" ind1="1" ind2=" "><marc:subfield code="a">Zerhouni, Elias A.</marc:subfield></marc:datafield><marc:datafield tag="700" ind1="1" ind2=" "><marc:subfield code="a">Cohen, Joel E.</marc:subfield></marc:datafield><marc:datafield tag="710" ind1="2" ind2=" "><marc:subfield code="a">National Institutes of Health (U.S.).</marc:subfield><marc:subfield code="b">Medical Arts and Photography Branch.</marc:subfield></marc:datafield><marc:datafield tag="710" ind1="2" ind2=" "><marc:subfield code="a">National Science Foundation (U.S.)</marc:subfield></marc:datafield><marc:datafield tag="856" ind1="4" ind2="1"><marc:subfield code="u">http://ihm.nlm.nih.gov/images/C04037</marc:subfield></marc:datafield><marc:datafield tag="947" ind1=" " ind2=" "><marc:subfield code="a">TUP</marc:subfield></marc:datafield><marc:datafield tag="992" ind1=" " ind2=" "><marc:subfield code="p">H3</marc:subfield><marc:subfield code="e">EF</marc:subfield><marc:subfield code="a">20071213</marc:subfield></marc:datafield><marc:datafield tag="993" ind1=" " ind2=" "><marc:subfield code="a">GAR</marc:subfield><marc:subfield code="b">20100709</marc:subfield></marc:datafield><marc:datafield tag="994" ind1=" " ind2=" "><marc:subfield code="a">CDN</marc:subfield><marc:subfield code="b">20100709</marc:subfield></marc:datafield><marc:datafield tag="995" ind1=" " ind2=" "><marc:subfield code="a">AUTH</marc:subfield><marc:subfield code="b">20100713</marc:subfield></marc:datafield><marc:datafield tag="998" ind1=" " ind2=" "><marc:subfield code="a">IHMREL</marc:subfield><marc:subfield code="b">20071213</marc:subfield></marc:datafield><marc:datafield tag="999" ind1=" " ind2=" "><marc:subfield code="a">AUTH</marc:subfield></marc:datafield></marc:record>