<marc:record xmlns:marc="http://www.loc.gov/MARC21/slim" xmlns:xsi="http://www.w3.org/2001/XMLSchema-instance"><marc:leader>01558cas a2200445 a 4500</marc:leader>
<marc:controlfield tag="001">535956</marc:controlfield>
<marc:controlfield tag="005">20091106232100.0</marc:controlfield><marc:controlfield tag="008">810226d19771987bu  x p       0||| 0mul  </marc:controlfield><marc:datafield tag="022" ind1=" " ind2=" "><marc:subfield code="a">0204-9139</marc:subfield><marc:subfield code="l">0204-9139</marc:subfield><marc:subfield code="y">0324-1750</marc:subfield></marc:datafield><marc:datafield tag="030" ind1=" " ind2=" "><marc:subfield code="a">AMBUCH</marc:subfield></marc:datafield><marc:datafield tag="035" ind1=" " ind2=" "><marc:subfield code="a">(DNLM)A07070000(s)</marc:subfield></marc:datafield><marc:datafield tag="035" ind1=" " ind2=" "><marc:subfield code="a">(OCoLC)04023587</marc:subfield></marc:datafield><marc:datafield tag="035" ind1=" " ind2=" "><marc:subfield code="9">8101238</marc:subfield></marc:datafield><marc:datafield tag="040" ind1=" " ind2=" "><marc:subfield code="a">DNLM</marc:subfield><marc:subfield code="c">DNLM</marc:subfield></marc:datafield><marc:datafield tag="041" ind1="0" ind2="9"><marc:subfield code="a">mul</marc:subfield><marc:subfield code="a">eng</marc:subfield><marc:subfield code="b">eng</marc:subfield><marc:subfield code="b">rus</marc:subfield></marc:datafield><marc:datafield tag="044" ind1=" " ind2=" "><marc:subfield code="9">Bulgaria</marc:subfield></marc:datafield><marc:datafield tag="060" ind1="0" ind2="0"><marc:subfield code="a">W1</marc:subfield><marc:subfield code="b">AC8637</marc:subfield></marc:datafield><marc:datafield tag="222" ind1=" " ind2="0"><marc:subfield code="a">Acta morphologica</marc:subfield><marc:subfield code="b">(Sofia)</marc:subfield></marc:datafield><marc:datafield tag="245" ind1="0" ind2="0"><marc:subfield code="a">Acta morphologica.</marc:subfield></marc:datafield><marc:datafield tag="260" ind1=" " ind2=" "><marc:subfield code="a">Sofiia :</marc:subfield><marc:subfield code="b">Izd-vo na Bŭlgarskata akademiia na naukite.</marc:subfield><marc:subfield code="c">[1977]-c1987.</marc:subfield></marc:datafield><marc:datafield tag="300" ind1=" " ind2=" "><marc:subfield code="a">6 v. :</marc:subfield><marc:subfield code="b">ill.</marc:subfield></marc:datafield><marc:datafield tag="310" ind1=" " ind2=" "><marc:subfield code="a">Irregular</marc:subfield></marc:datafield><marc:datafield tag="362" ind1="0" ind2=" "><marc:subfield code="a">1-6.</marc:subfield></marc:datafield><marc:datafield tag="500" ind1=" " ind2=" "><marc:subfield code="a">Title from cover.</marc:subfield></marc:datafield><marc:datafield tag="546" ind1=" " ind2=" "><marc:subfield code="a">Articles in English, French, German, or Russian; summaries in English or Russian.</marc:subfield></marc:datafield><marc:datafield tag="550" ind1=" " ind2=" "><marc:subfield code="a">Issued by the Bulgarian Academy of Sciences.</marc:subfield></marc:datafield><marc:datafield tag="580" ind1=" " ind2=" "><marc:subfield code="a">Continues: Izvestiia na Instituta po morfologiia.</marc:subfield></marc:datafield><marc:datafield tag="580" ind1=" " ind2=" "><marc:subfield code="a">Continued by: Acta cytobiologica et morphologica.</marc:subfield></marc:datafield><marc:datafield tag="597" ind1=" " ind2=" "><marc:subfield code="a">OCLC HAS CODEN: ACMODJ. SEE 78-644674</marc:subfield></marc:datafield><marc:datafield tag="598" ind1=" " ind2=" "><marc:subfield code="a">CONTINUES: IZVESTIIA NA INSTITUTA PO MORFOLOGIIA. CONTINUED BY: ACTA CYTOBIOLOGICA ET MORPHOLOGICA. ISSUED BY THE BULGARIAN ACADEMY OF SCIENCES.</marc:subfield><marc:subfield code="b">1,1977-6,1987</marc:subfield></marc:datafield><marc:datafield tag="650" ind1=" " ind2="2"><marc:subfield code="a">Anatomy</marc:subfield></marc:datafield><marc:datafield tag="650" ind1=" " ind2="2"><marc:subfield code="a">Anthropology, Physical</marc:subfield></marc:datafield><marc:datafield tag="650" ind1=" " ind2="2"><marc:subfield code="a">Cell Biology</marc:subfield></marc:datafield><marc:datafield tag="655" ind1=" " ind2="2"><marc:subfield code="a">Periodicals</marc:subfield></marc:datafield><marc:datafield tag="710" ind1="2" ind2=" "><marc:subfield code="a">Bŭlgarska akademiia na naukite.</marc:subfield></marc:datafield><marc:datafield tag="780" ind1="1" ind2="0"><marc:subfield code="t">Izvestiia na Instituta po morfologiia</marc:subfield></marc:datafield><marc:datafield tag="785" ind1="1" ind2="0"><marc:subfield code="t">Acta cytobiologica et morphologica</marc:subfield></marc:datafield><marc:datafield tag="990" ind1=" " ind2=" "><marc:subfield code="a">HO</marc:subfield></marc:datafield><marc:datafield tag="995" ind1=" " ind2=" "><marc:subfield code="a">AUTH</marc:subfield><marc:subfield code="b">19810226</marc:subfield><marc:subfield code="c">REV</marc:subfield><marc:subfield code="d">20091106</marc:subfield></marc:datafield><marc:datafield tag="999" ind1=" " ind2=" "><marc:subfield code="a">AUTH</marc:subfield></marc:datafield></marc:record>