<marc:record xmlns:marc="http://www.loc.gov/MARC21/slim" xmlns:xsi="http://www.w3.org/2001/XMLSchema-instance"><marc:leader>01075cas a2200397   4500</marc:leader>
<marc:controlfield tag="001">181590</marc:controlfield>
<marc:controlfield tag="005">20111118234931.0</marc:controlfield><marc:controlfield tag="008">711012d19711979xxuar p       0||| 0eng  </marc:controlfield><marc:datafield tag="022" ind1=" " ind2=" "><marc:subfield code="a">0084-5949</marc:subfield><marc:subfield code="l">0084-5949</marc:subfield></marc:datafield><marc:datafield tag="030" ind1=" " ind2=" "><marc:subfield code="a">ADCYB4</marc:subfield></marc:datafield><marc:datafield tag="035" ind1=" " ind2=" "><marc:subfield code="a">(DNLM)A13725000(s)</marc:subfield></marc:datafield><marc:datafield tag="035" ind1=" " ind2=" "><marc:subfield code="a">(OCoLC)01588280</marc:subfield></marc:datafield><marc:datafield tag="035" ind1=" " ind2=" "><marc:subfield code="9">1301733</marc:subfield></marc:datafield><marc:datafield tag="040" ind1=" " ind2=" "><marc:subfield code="a">DNLM</marc:subfield><marc:subfield code="c">DNLM</marc:subfield></marc:datafield><marc:datafield tag="041" ind1="0" ind2="9"><marc:subfield code="a">eng</marc:subfield></marc:datafield><marc:datafield tag="044" ind1=" " ind2=" "><marc:subfield code="9">United States</marc:subfield></marc:datafield><marc:datafield tag="060" ind1="0" ind2="0"><marc:subfield code="a">W1</marc:subfield><marc:subfield code="b">AD546K</marc:subfield></marc:datafield><marc:datafield tag="210" ind1="1" ind2="0"><marc:subfield code="a">Adv Cytopharmacol</marc:subfield><marc:subfield code="2">DNLM</marc:subfield><marc:subfield code="8">g</marc:subfield></marc:datafield><marc:datafield tag="245" ind1="0" ind2="0"><marc:subfield code="a">Advances in cytopharmacology.</marc:subfield></marc:datafield><marc:datafield tag="246" ind1="2" ind2=" "><marc:subfield code="0">ADV CYTOPHARMACOL</marc:subfield><marc:subfield code="9">n</marc:subfield></marc:datafield><marc:datafield tag="260" ind1=" " ind2=" "><marc:subfield code="a">New York,</marc:subfield><marc:subfield code="b">Raven Press.</marc:subfield></marc:datafield><marc:datafield tag="260" ind1="3" ind2=" "><marc:subfield code="a">New York Ny :</marc:subfield><marc:subfield code="b">Raven Press</marc:subfield></marc:datafield><marc:datafield tag="300" ind1=" " ind2=" "><marc:subfield code="a">v.</marc:subfield><marc:subfield code="b">illus.</marc:subfield></marc:datafield><marc:datafield tag="310" ind1=" " ind2=" "><marc:subfield code="a">Annual</marc:subfield></marc:datafield><marc:datafield tag="362" ind1="0" ind2=" "><marc:subfield code="a">v. 1-       1971-</marc:subfield></marc:datafield><marc:datafield tag="362" ind1="1" ind2=" "><marc:subfield code="a">Ceased with: Vol. 3, 1979.</marc:subfield></marc:datafield><marc:datafield tag="510" ind1="1" ind2=" "><marc:subfield code="9">2</marc:subfield><marc:subfield code="a">Index medicus</marc:subfield><marc:subfield code="x">0019-3879</marc:subfield><marc:subfield code="b">v1, 1971-v3, 1979</marc:subfield></marc:datafield><marc:datafield tag="510" ind1="1" ind2=" "><marc:subfield code="9">2</marc:subfield><marc:subfield code="a">MEDLINE</marc:subfield><marc:subfield code="b">v1, 1971-v3, 1979</marc:subfield></marc:datafield><marc:datafield tag="510" ind1="1" ind2=" "><marc:subfield code="9">2</marc:subfield><marc:subfield code="a">PubMed</marc:subfield><marc:subfield code="b">v1, 1971-v3, 1979</marc:subfield></marc:datafield><marc:datafield tag="598" ind1=" " ind2=" "><marc:subfield code="b">1,1971-3,1979</marc:subfield></marc:datafield><marc:datafield tag="650" ind1=" " ind2="2"><marc:subfield code="a">Cell Biology</marc:subfield></marc:datafield><marc:datafield tag="650" ind1=" " ind2="2"><marc:subfield code="a">Pharmacology</marc:subfield></marc:datafield><marc:datafield tag="655" ind1=" " ind2="2"><marc:subfield code="a">Periodicals</marc:subfield></marc:datafield><marc:datafield tag="910" ind1=" " ind2=" "><marc:subfield code="a">2L7</marc:subfield></marc:datafield><marc:datafield tag="995" ind1=" " ind2=" "><marc:subfield code="a">AUTH</marc:subfield><marc:subfield code="b">19711012</marc:subfield><marc:subfield code="c">REV</marc:subfield><marc:subfield code="d">20111118</marc:subfield></marc:datafield><marc:datafield tag="999" ind1=" " ind2=" "><marc:subfield code="a">AUTH</marc:subfield></marc:datafield></marc:record>