<marc:record xmlns:marc="http://www.loc.gov/MARC21/slim" xmlns:xsi="http://www.w3.org/2001/XMLSchema-instance"><marc:leader>01162cas a2200349   4500</marc:leader>
<marc:controlfield tag="001">104196</marc:controlfield>
<marc:controlfield tag="005">20100611200723.0</marc:controlfield><marc:controlfield tag="008">720712c19729999xxuar p       0||| 0eng  </marc:controlfield><marc:datafield tag="030" ind1=" " ind2=" "><marc:subfield code="a">ALZAAY</marc:subfield></marc:datafield><marc:datafield tag="035" ind1=" " ind2=" "><marc:subfield code="a">(DNLM)A22605000(s)</marc:subfield></marc:datafield><marc:datafield tag="035" ind1=" " ind2=" "><marc:subfield code="a">(OCoLC)03827196</marc:subfield></marc:datafield><marc:datafield tag="035" ind1=" " ind2=" "><marc:subfield code="9">0327624</marc:subfield></marc:datafield><marc:datafield tag="040" ind1=" " ind2=" "><marc:subfield code="a">DNLM</marc:subfield><marc:subfield code="c">DNLM</marc:subfield></marc:datafield><marc:datafield tag="041" ind1="0" ind2="9"><marc:subfield code="a">eng</marc:subfield></marc:datafield><marc:datafield tag="044" ind1=" " ind2=" "><marc:subfield code="9">United States</marc:subfield></marc:datafield><marc:datafield tag="060" ind1="0" ind2="0"><marc:subfield code="a">W3</marc:subfield><marc:subfield code="b">A107</marc:subfield></marc:datafield><marc:datafield tag="245" ind1="0" ind2="0"><marc:subfield code="a">ALZA conference series.</marc:subfield></marc:datafield><marc:datafield tag="260" ind1=" " ind2=" "><marc:subfield code="a">Palo Alto</marc:subfield><marc:subfield code="b">ALZA Corp. [etc.]</marc:subfield><marc:subfield code="c">1972-</marc:subfield></marc:datafield><marc:datafield tag="260" ind1="3" ind2=" "><marc:subfield code="a">Palo Alto Ca :</marc:subfield><marc:subfield code="b">Alza Corporation</marc:subfield></marc:datafield><marc:datafield tag="300" ind1=" " ind2=" "><marc:subfield code="a">v.</marc:subfield><marc:subfield code="b">illus.</marc:subfield></marc:datafield><marc:datafield tag="310" ind1=" " ind2=" "><marc:subfield code="a">Annual</marc:subfield></marc:datafield><marc:datafield tag="362" ind1="0" ind2=" "><marc:subfield code="a">v. 1-       1971-</marc:subfield></marc:datafield><marc:datafield tag="515" ind1=" " ind2=" "><marc:subfield code="a">Vols. 1-2 published 1972-1973; v. 3-   published 1990- .</marc:subfield></marc:datafield><marc:datafield tag="550" ind1=" " ind2=" "><marc:subfield code="a">Conferences sponsored by ALZA Corporation, Palo Alto, Calif.</marc:subfield></marc:datafield><marc:datafield tag="597" ind1=" " ind2=" "><marc:subfield code="a">WAS CLOSED; REOPENNED WITH RECEIPT OF VOL. 3.</marc:subfield></marc:datafield><marc:datafield tag="598" ind1=" " ind2=" "><marc:subfield code="a">SPONSORED BY ALZA CORPORATION, PALO ALTO, CALIF. VOL. 3 PUBLISHED 1990. IMPRINT VARIES: NEW YORK NY: PLEMUN PRESS, (1971-1972): PALO ALTO CA: ALZA CORPORATION, (1973)- .</marc:subfield><marc:subfield code="b">1,1972--</marc:subfield></marc:datafield><marc:datafield tag="650" ind1=" " ind2="2"><marc:subfield code="a">Biochemistry</marc:subfield></marc:datafield><marc:datafield tag="650" ind1=" " ind2="2"><marc:subfield code="a">Cell Biology</marc:subfield></marc:datafield><marc:datafield tag="655" ind1=" " ind2="2"><marc:subfield code="a">Congresses</marc:subfield></marc:datafield><marc:datafield tag="710" ind1="2" ind2=" "><marc:subfield code="a">ALZA Corporation.</marc:subfield></marc:datafield><marc:datafield tag="995" ind1=" " ind2=" "><marc:subfield code="a">AUTH</marc:subfield><marc:subfield code="b">19720712</marc:subfield><marc:subfield code="c">REV</marc:subfield><marc:subfield code="d">20100611</marc:subfield></marc:datafield><marc:datafield tag="999" ind1=" " ind2=" "><marc:subfield code="a">AUTH</marc:subfield></marc:datafield></marc:record>