<marc:record xmlns:marc="http://www.loc.gov/MARC21/slim" xmlns:xsi="http://www.w3.org/2001/XMLSchema-instance"><marc:leader>01407cam a22004098a 4500</marc:leader>
<marc:controlfield tag="001">1215447</marc:controlfield>
<marc:controlfield tag="005">20091107011248.0</marc:controlfield><marc:controlfield tag="008">040501s2004    nyu      b    001 0 eng  </marc:controlfield><marc:datafield tag="010" ind1=" " ind2=" "><marc:subfield code="a">  2004050447</marc:subfield></marc:datafield><marc:datafield tag="020" ind1=" " ind2=" "><marc:subfield code="a">9780071437493</marc:subfield></marc:datafield><marc:datafield tag="020" ind1=" " ind2=" "><marc:subfield code="a">0071437495</marc:subfield></marc:datafield><marc:datafield tag="035" ind1=" " ind2=" "><marc:subfield code="9">101215447</marc:subfield></marc:datafield><marc:datafield tag="040" ind1=" " ind2=" "><marc:subfield code="a">DNLM</marc:subfield><marc:subfield code="c">DNLM</marc:subfield></marc:datafield><marc:datafield tag="041" ind1="0" ind2="9"><marc:subfield code="a">eng</marc:subfield></marc:datafield><marc:datafield tag="042" ind1=" " ind2=" "><marc:subfield code="a">pcc</marc:subfield></marc:datafield><marc:datafield tag="044" ind1=" " ind2=" "><marc:subfield code="9">United States</marc:subfield></marc:datafield><marc:datafield tag="060" ind1="1" ind2="0"><marc:subfield code="a">QS 18.2</marc:subfield><marc:subfield code="b">A53603 2004</marc:subfield></marc:datafield><marc:datafield tag="245" ind1="0" ind2="0"><marc:subfield code="a">Anatomy, histology and cell biology :</marc:subfield><marc:subfield code="b">PreTest self-assessment and review /</marc:subfield><marc:subfield code="c">[edited by] Robert M. Klein, George C. Enders.</marc:subfield></marc:datafield><marc:datafield tag="250" ind1=" " ind2=" "><marc:subfield code="a">2nd ed.</marc:subfield></marc:datafield><marc:datafield tag="260" ind1=" " ind2=" "><marc:subfield code="a">New York :</marc:subfield><marc:subfield code="b">McGraw-Hill,</marc:subfield><marc:subfield code="c">2004.</marc:subfield></marc:datafield><marc:datafield tag="263" ind1=" " ind2=" "><marc:subfield code="a">0408</marc:subfield></marc:datafield><marc:datafield tag="500" ind1=" " ind2=" "><marc:subfield code="a">Rev. ed. of: Anatomy, histology &amp; cell biology / [edited by] Robert M. Klein, James C. McKenzie. c2002.</marc:subfield></marc:datafield><marc:datafield tag="504" ind1=" " ind2=" "><marc:subfield code="a">Includes bibliographical references and index.</marc:subfield></marc:datafield><marc:datafield tag="650" ind1="1" ind2="2"><marc:subfield code="a">Anatomy</marc:subfield></marc:datafield><marc:datafield tag="650" ind1="2" ind2="2"><marc:subfield code="a">Cell Biology</marc:subfield></marc:datafield><marc:datafield tag="650" ind1="2" ind2="2"><marc:subfield code="a">Histology</marc:subfield></marc:datafield><marc:datafield tag="655" ind1=" " ind2="2"><marc:subfield code="a">Examination Questions</marc:subfield></marc:datafield><marc:datafield tag="700" ind1="1" ind2=" "><marc:subfield code="a">Klein, Robert M.</marc:subfield><marc:subfield code="q">(Robert Melvin),</marc:subfield><marc:subfield code="d">1949-</marc:subfield></marc:datafield><marc:datafield tag="700" ind1="1" ind2=" "><marc:subfield code="a">Enders, George C.</marc:subfield></marc:datafield><marc:datafield tag="730" ind1="0" ind2=" "><marc:subfield code="a">Anatomy, histology &amp; cell biology.</marc:subfield></marc:datafield><marc:datafield tag="992" ind1=" " ind2=" "><marc:subfield code="p">P1</marc:subfield><marc:subfield code="e">E8</marc:subfield><marc:subfield code="a">[date: YYYYMMDD]  ***  To be added upon RECEIPT of book.</marc:subfield></marc:datafield><marc:datafield tag="993" ind1=" " ind2=" "><marc:subfield code="a">SRW</marc:subfield><marc:subfield code="b">20040501</marc:subfield></marc:datafield><marc:datafield tag="994" ind1=" " ind2=" "><marc:subfield code="a">[CDN]</marc:subfield><marc:subfield code="b">[date: YYYYMMDD]  ******  To be added at rev. CIP process</marc:subfield></marc:datafield><marc:datafield tag="995" ind1=" " ind2=" "><marc:subfield code="a">AUTH</marc:subfield><marc:subfield code="b">20040503</marc:subfield><marc:subfield code="c">REV</marc:subfield><marc:subfield code="d">20091106</marc:subfield></marc:datafield><marc:datafield tag="996" ind1=" " ind2=" "><marc:subfield code="a">[ACTION]</marc:subfield><marc:subfield code="b">YYYYMMDD         (CMU inputs)</marc:subfield></marc:datafield><marc:datafield tag="997" ind1=" " ind2=" "><marc:subfield code="a">Prev. ed.: 2001034278</marc:subfield><marc:subfield code="5">DLC</marc:subfield></marc:datafield><marc:datafield tag="999" ind1=" " ind2=" "><marc:subfield code="a">NOC</marc:subfield></marc:datafield></marc:record>