<marc:record xmlns:marc="http://www.loc.gov/MARC21/slim" xmlns:xsi="http://www.w3.org/2001/XMLSchema-instance"><marc:leader>04661cam a22009013  4500</marc:leader>
<marc:controlfield tag="001">1051305</marc:controlfield>
<marc:controlfield tag="005">20111118225805.0</marc:controlfield><marc:controlfield tag="008">911203s1991    xx       t   u00| 0 eng  </marc:controlfield><marc:datafield tag="035" ind1=" " ind2=" "><marc:subfield code="a">(DNLM)PIP:00204291</marc:subfield></marc:datafield><marc:datafield tag="035" ind1=" " ind2=" "><marc:subfield code="9">101051305</marc:subfield></marc:datafield><marc:datafield tag="040" ind1=" " ind2=" "><marc:subfield code="a">DNLM</marc:subfield><marc:subfield code="c">DNLM</marc:subfield></marc:datafield><marc:datafield tag="041" ind1="0" ind2="9"><marc:subfield code="a">eng</marc:subfield></marc:datafield><marc:datafield tag="088" ind1=" " ind2=" "><marc:subfield code="9">PIP</marc:subfield><marc:subfield code="a">066860</marc:subfield></marc:datafield><marc:datafield tag="245" ind1="0" ind2="0"><marc:subfield code="a">Annual report 1990.</marc:subfield></marc:datafield><marc:datafield tag="260" ind1=" " ind2=" "><marc:subfield code="a">[Paramaribo], Suriname, Stichting Lobi,</marc:subfield><marc:subfield code="c">[1991].</marc:subfield></marc:datafield><marc:datafield tag="300" ind1=" " ind2=" "><marc:subfield code="a">24 p.</marc:subfield></marc:datafield><marc:datafield tag="520" ind1="3" ind2=" "><marc:subfield code="a">The 1990 Annual Report of Stichting Lobi (Love Foundation), the Family Planning Association of Suriname, has information about the demographic, health, and family planning background of Suriname, history and philosophy of the organization, long-term objectives, strategies, current projects and special activities, with photographs.  Since its founding in 1968, with major support from Dutch Development Aid, Lobi has opened 2 clinics, provided Pap smears, mounted education and mass media campaigns including a pop record in Surinamese and a sex education book for youths, conducted a KAP survey and an AIDS education campaign.  Lobi was one of the founding members of the Caribbean Family Planning Affiliation in 1971, and joined the IPPF in 1990.  Suriname gained independence from the Netherlands in 1975.  The country is composed of 37% East Indians, 31% Creoles, 15% Javanese and 1% Europeans.  75% of the people live in the capital, Paramaribo.  The infant mortality rate is 29.4/1000, the maternal mortality, 6.7/1000, life expectancy is 66.6 years.  There is no official government family planning policy, but the government cooperates with the family planning association in providing services in its clinics.  The long term objective is to improve quality of life and dignity of the family by improving the health of women and children.  The main strategies are to persuade the government to provide family planning and sex education; to develop special education and motivation programs for target groups; and to provide clinical services.  A project recently completed was a survey of single and married men:  both stated that the main aim of contraception is to allow women to be independent and to give men the opportunity to have several partners.</marc:subfield></marc:datafield><marc:datafield tag="650" ind1="1" ind2="2"><marc:subfield code="a">Administrative Personnel</marc:subfield><marc:subfield code="8">p</marc:subfield></marc:datafield><marc:datafield tag="650" ind1="1" ind2="2"><marc:subfield code="a">Cell Biology</marc:subfield><marc:subfield code="8">p</marc:subfield></marc:datafield><marc:datafield tag="650" ind1="1" ind2="2"><marc:subfield code="a">Communication</marc:subfield><marc:subfield code="8">p</marc:subfield></marc:datafield><marc:datafield tag="650" ind1="1" ind2="2"><marc:subfield code="a">Condoms</marc:subfield><marc:subfield code="8">p</marc:subfield></marc:datafield><marc:datafield tag="650" ind1="1" ind2="2"><marc:subfield code="a">Contraceptives, Oral</marc:subfield><marc:subfield code="8">p</marc:subfield></marc:datafield><marc:datafield tag="650" ind1="1" ind2="2"><marc:subfield code="a">Health Knowledge, Attitudes, Practice</marc:subfield><marc:subfield code="8">p</marc:subfield></marc:datafield><marc:datafield tag="650" ind1="1" ind2="2"><marc:subfield code="a">Health Planning</marc:subfield><marc:subfield code="8">p</marc:subfield></marc:datafield><marc:datafield tag="650" ind1="1" ind2="2"><marc:subfield code="a">Health Services Needs and Demand</marc:subfield><marc:subfield code="8">p</marc:subfield></marc:datafield><marc:datafield tag="650" ind1="1" ind2="2"><marc:subfield code="a">Information Services</marc:subfield><marc:subfield code="8">p</marc:subfield></marc:datafield><marc:datafield tag="650" ind1="1" ind2="2"><marc:subfield code="a">International Cooperation</marc:subfield><marc:subfield code="8">p</marc:subfield></marc:datafield><marc:datafield tag="650" ind1="1" ind2="2"><marc:subfield code="a">Mass Media</marc:subfield><marc:subfield code="8">p</marc:subfield></marc:datafield><marc:datafield tag="650" ind1="1" ind2="2"><marc:subfield code="a">Mobile Health Units</marc:subfield><marc:subfield code="8">p</marc:subfield></marc:datafield><marc:datafield tag="650" ind1="1" ind2="2"><marc:subfield code="a">Patient Acceptance of Health Care</marc:subfield><marc:subfield code="8">p</marc:subfield></marc:datafield><marc:datafield tag="650" ind1="1" ind2="2"><marc:subfield code="a">Pregnancy Tests</marc:subfield><marc:subfield code="8">p</marc:subfield></marc:datafield><marc:datafield tag="650" ind1="1" ind2="2"><marc:subfield code="a">Sex Education</marc:subfield><marc:subfield code="8">p</marc:subfield></marc:datafield><marc:datafield tag="650" ind1="2" ind2="2"><marc:subfield code="a">Biology</marc:subfield><marc:subfield code="8">p</marc:subfield></marc:datafield><marc:datafield tag="650" ind1="2" ind2="2"><marc:subfield code="a">Clinical Laboratory Techniques</marc:subfield><marc:subfield code="8">p</marc:subfield></marc:datafield><marc:datafield tag="650" ind1="2" ind2="2"><marc:subfield code="a">Contraception</marc:subfield><marc:subfield code="8">p</marc:subfield></marc:datafield><marc:datafield tag="650" ind1="2" ind2="2"><marc:subfield code="a">Data Collection</marc:subfield><marc:subfield code="8">p</marc:subfield></marc:datafield><marc:datafield tag="650" ind1="2" ind2="2"><marc:subfield code="a">Delivery of Health Care</marc:subfield><marc:subfield code="8">p</marc:subfield></marc:datafield><marc:datafield tag="650" ind1="2" ind2="2"><marc:subfield code="a">Developing Countries</marc:subfield><marc:subfield code="8">p</marc:subfield></marc:datafield><marc:datafield tag="650" ind1="2" ind2="2"><marc:subfield code="a">Diagnosis</marc:subfield><marc:subfield code="8">p</marc:subfield></marc:datafield><marc:datafield tag="650" ind1="2" ind2="2"><marc:subfield code="a">Economics</marc:subfield><marc:subfield code="8">p</marc:subfield></marc:datafield><marc:datafield tag="650" ind1="2" ind2="2"><marc:subfield code="a">Education</marc:subfield><marc:subfield code="8">p</marc:subfield></marc:datafield><marc:datafield tag="650" ind1="2" ind2="2"><marc:subfield code="a">Family Planning Services</marc:subfield><marc:subfield code="8">p</marc:subfield></marc:datafield><marc:datafield tag="650" ind1="2" ind2="2"><marc:subfield code="a">Financial Management</marc:subfield><marc:subfield code="8">p</marc:subfield></marc:datafield><marc:datafield tag="650" ind1="2" ind2="2"><marc:subfield code="a">Health</marc:subfield><marc:subfield code="8">p</marc:subfield></marc:datafield><marc:datafield tag="650" ind1="2" ind2="2"><marc:subfield code="a">Health Facilities</marc:subfield><marc:subfield code="8">p</marc:subfield></marc:datafield><marc:datafield tag="650" ind1="2" ind2="2"><marc:subfield code="a">Organization and Administration</marc:subfield><marc:subfield code="8">p</marc:subfield></marc:datafield><marc:datafield tag="650" ind1="2" ind2="2"><marc:subfield code="a">Research</marc:subfield><marc:subfield code="8">p</marc:subfield></marc:datafield><marc:datafield tag="650" ind1="2" ind2="2"><marc:subfield code="a">Sampling Studies</marc:subfield><marc:subfield code="8">p</marc:subfield></marc:datafield><marc:datafield tag="651" ind1=" " ind2="2"><marc:subfield code="a">Americas</marc:subfield><marc:subfield code="8">p</marc:subfield></marc:datafield><marc:datafield tag="651" ind1=" " ind2="2"><marc:subfield code="a">South America</marc:subfield><marc:subfield code="8">p</marc:subfield></marc:datafield><marc:datafield tag="651" ind1=" " ind2="2"><marc:subfield code="a">Suriname</marc:subfield><marc:subfield code="8">p</marc:subfield></marc:datafield><marc:datafield tag="655" ind1=" " ind2="2"><marc:subfield code="a">Annual Reports</marc:subfield><marc:subfield code="8">p</marc:subfield></marc:datafield><marc:datafield tag="655" ind1=" " ind2="2"><marc:subfield code="a">Technical Report</marc:subfield><marc:subfield code="8">p</marc:subfield></marc:datafield><marc:datafield tag="690" ind1="1" ind2=" "><marc:subfield code="a">Acceptors</marc:subfield><marc:subfield code="9">PIP keyword</marc:subfield><marc:subfield code="8">p</marc:subfield></marc:datafield><marc:datafield tag="690" ind1="1" ind2=" "><marc:subfield code="a">Communication Programs</marc:subfield><marc:subfield code="9">PIP keyword</marc:subfield><marc:subfield code="8">p</marc:subfield></marc:datafield><marc:datafield tag="690" ind1="1" ind2=" "><marc:subfield code="a">Condom</marc:subfield><marc:subfield code="9">PIP keyword</marc:subfield><marc:subfield code="8">p</marc:subfield></marc:datafield><marc:datafield tag="690" ind1="1" ind2=" "><marc:subfield code="a">Family Planning Programs</marc:subfield><marc:subfield code="9">PIP keyword</marc:subfield><marc:subfield code="8">p</marc:subfield></marc:datafield><marc:datafield tag="690" ind1="1" ind2=" "><marc:subfield code="a">Foreign Aid</marc:subfield><marc:subfield code="9">PIP keyword</marc:subfield><marc:subfield code="8">p</marc:subfield></marc:datafield><marc:datafield tag="690" ind1="1" ind2=" "><marc:subfield code="a">IEC</marc:subfield><marc:subfield code="9">PIP keyword</marc:subfield><marc:subfield code="8">p</marc:subfield></marc:datafield><marc:datafield tag="690" ind1="1" ind2=" "><marc:subfield code="a">KAP Surveys</marc:subfield><marc:subfield code="9">PIP keyword</marc:subfield><marc:subfield code="8">p</marc:subfield></marc:datafield><marc:datafield tag="690" ind1="1" ind2=" "><marc:subfield code="a">Oral Contraceptives</marc:subfield><marc:subfield code="9">PIP keyword</marc:subfield><marc:subfield code="8">p</marc:subfield></marc:datafield><marc:datafield tag="690" ind1="1" ind2=" "><marc:subfield code="a">Target Population</marc:subfield><marc:subfield code="9">PIP keyword</marc:subfield><marc:subfield code="8">p</marc:subfield></marc:datafield><marc:datafield tag="690" ind1="2" ind2=" "><marc:subfield code="a">Barrier Methods</marc:subfield><marc:subfield code="9">PIP keyword</marc:subfield><marc:subfield code="8">p</marc:subfield></marc:datafield><marc:datafield tag="690" ind1="2" ind2=" "><marc:subfield code="a">Contraceptive Methods</marc:subfield><marc:subfield code="9">PIP keyword</marc:subfield><marc:subfield code="8">p</marc:subfield></marc:datafield><marc:datafield tag="690" ind1="2" ind2=" "><marc:subfield code="a">Economic Factors</marc:subfield><marc:subfield code="9">PIP keyword</marc:subfield><marc:subfield code="8">p</marc:subfield></marc:datafield><marc:datafield tag="690" ind1="2" ind2=" "><marc:subfield code="a">Examinations And Diagnoses</marc:subfield><marc:subfield code="9">PIP keyword</marc:subfield><marc:subfield code="8">p</marc:subfield></marc:datafield><marc:datafield tag="690" ind1="2" ind2=" "><marc:subfield code="a">Financial Activities</marc:subfield><marc:subfield code="9">PIP keyword</marc:subfield><marc:subfield code="8">p</marc:subfield></marc:datafield><marc:datafield tag="690" ind1="2" ind2=" "><marc:subfield code="a">Laboratory Examinations And Diagnoses</marc:subfield><marc:subfield code="9">PIP keyword</marc:subfield><marc:subfield code="8">p</marc:subfield></marc:datafield><marc:datafield tag="690" ind1="2" ind2=" "><marc:subfield code="a">Laboratory Procedures</marc:subfield><marc:subfield code="9">PIP keyword</marc:subfield><marc:subfield code="8">p</marc:subfield></marc:datafield><marc:datafield tag="690" ind1="2" ind2=" "><marc:subfield code="a">Program Activities</marc:subfield><marc:subfield code="9">PIP keyword</marc:subfield><marc:subfield code="8">p</marc:subfield></marc:datafield><marc:datafield tag="690" ind1="2" ind2=" "><marc:subfield code="a">Program Design</marc:subfield><marc:subfield code="9">PIP keyword</marc:subfield><marc:subfield code="8">p</marc:subfield></marc:datafield><marc:datafield tag="690" ind1="2" ind2=" "><marc:subfield code="a">Programs</marc:subfield><marc:subfield code="9">PIP keyword</marc:subfield><marc:subfield code="8">p</marc:subfield></marc:datafield><marc:datafield tag="690" ind1="2" ind2=" "><marc:subfield code="a">Research Methodology</marc:subfield><marc:subfield code="9">PIP keyword</marc:subfield><marc:subfield code="8">p</marc:subfield></marc:datafield><marc:datafield tag="690" ind1="2" ind2=" "><marc:subfield code="a">Studies</marc:subfield><marc:subfield code="9">PIP keyword</marc:subfield><marc:subfield code="8">p</marc:subfield></marc:datafield><marc:datafield tag="690" ind1="2" ind2=" "><marc:subfield code="a">Surveys</marc:subfield><marc:subfield code="9">PIP keyword</marc:subfield><marc:subfield code="8">p</marc:subfield></marc:datafield><marc:datafield tag="710" ind1="2" ind2=" "><marc:subfield code="a">Stichting Lobi.</marc:subfield></marc:datafield><marc:datafield tag="998" ind1=" " ind2=" "><marc:subfield code="a">PIPREL</marc:subfield><marc:subfield code="b">19911203</marc:subfield></marc:datafield><marc:datafield tag="999" ind1=" " ind2=" "><marc:subfield code="a">PIP</marc:subfield></marc:datafield></marc:record>