<marc:record xmlns:marc="http://www.loc.gov/MARC21/slim" xmlns:xsi="http://www.w3.org/2001/XMLSchema-instance"><marc:leader>01438cas a2200457 a 4500</marc:leader>
<marc:controlfield tag="001">612078</marc:controlfield>
<marc:controlfield tag="005">20111118235528.0</marc:controlfield><marc:controlfield tag="008">860206d19851994xxuar p       0||| 0eng  </marc:controlfield><marc:datafield tag="022" ind1=" " ind2=" "><marc:subfield code="a">0743-4634</marc:subfield><marc:subfield code="l">0743-4634</marc:subfield></marc:datafield><marc:datafield tag="030" ind1=" " ind2=" "><marc:subfield code="a">ARCBE2</marc:subfield></marc:datafield><marc:datafield tag="035" ind1=" " ind2=" "><marc:subfield code="a">(DNLM)SR0050767(s)</marc:subfield></marc:datafield><marc:datafield tag="035" ind1=" " ind2=" "><marc:subfield code="a">(OCoLC)10586991</marc:subfield></marc:datafield><marc:datafield tag="035" ind1=" " ind2=" "><marc:subfield code="9">8602195</marc:subfield></marc:datafield><marc:datafield tag="040" ind1=" " ind2=" "><marc:subfield code="a">DNLM</marc:subfield><marc:subfield code="c">DNLM</marc:subfield></marc:datafield><marc:datafield tag="041" ind1="0" ind2="9"><marc:subfield code="a">eng</marc:subfield></marc:datafield><marc:datafield tag="044" ind1=" " ind2=" "><marc:subfield code="9">United States</marc:subfield></marc:datafield><marc:datafield tag="060" ind1="0" ind2="0"><marc:subfield code="a">W1</marc:subfield><marc:subfield code="b">AN77G</marc:subfield></marc:datafield><marc:datafield tag="210" ind1="1" ind2="0"><marc:subfield code="a">Annu Rev Cell Biol</marc:subfield><marc:subfield code="2">DNLM</marc:subfield></marc:datafield><marc:datafield tag="210" ind1="1" ind2="0"><marc:subfield code="9">Annu. Rev. Cell Biol.</marc:subfield></marc:datafield><marc:datafield tag="222" ind1=" " ind2="0"><marc:subfield code="a">Annual review of cell biology</marc:subfield></marc:datafield><marc:datafield tag="245" ind1="0" ind2="0"><marc:subfield code="a">Annual review of cell biology.</marc:subfield></marc:datafield><marc:datafield tag="246" ind1="2" ind2=" "><marc:subfield code="0">ANN REV CELL BIOL</marc:subfield><marc:subfield code="9">n</marc:subfield></marc:datafield><marc:datafield tag="246" ind1="2" ind2=" "><marc:subfield code="0">ANNU REV CELL BIOL</marc:subfield><marc:subfield code="9">n</marc:subfield></marc:datafield><marc:datafield tag="260" ind1=" " ind2=" "><marc:subfield code="a">Palo Alto, CA :</marc:subfield><marc:subfield code="b">Annual Reviews, Inc.,</marc:subfield><marc:subfield code="c">c1985-c1994.</marc:subfield></marc:datafield><marc:datafield tag="260" ind1="3" ind2=" "><marc:subfield code="a">Palo Alto Ca :</marc:subfield><marc:subfield code="b">Annual Reviews</marc:subfield></marc:datafield><marc:datafield tag="300" ind1=" " ind2=" "><marc:subfield code="a">10 v. :</marc:subfield><marc:subfield code="b">ill.</marc:subfield></marc:datafield><marc:datafield tag="310" ind1=" " ind2=" "><marc:subfield code="a">Annual</marc:subfield></marc:datafield><marc:datafield tag="362" ind1="0" ind2=" "><marc:subfield code="a">Vol. 1 (1985)-v. 10 (1994).</marc:subfield></marc:datafield><marc:datafield tag="510" ind1="1" ind2=" "><marc:subfield code="9">4</marc:subfield><marc:subfield code="a">Index medicus</marc:subfield><marc:subfield code="x">0019-3879</marc:subfield><marc:subfield code="b">v1, 1985-v10, 1994</marc:subfield></marc:datafield><marc:datafield tag="510" ind1="1" ind2=" "><marc:subfield code="9">4</marc:subfield><marc:subfield code="a">MEDLINE</marc:subfield><marc:subfield code="b">v1, 1985-v10, 1994</marc:subfield></marc:datafield><marc:datafield tag="510" ind1="1" ind2=" "><marc:subfield code="9">4</marc:subfield><marc:subfield code="a">PubMed</marc:subfield><marc:subfield code="b">v1, 1985-v10, 1994</marc:subfield></marc:datafield><marc:datafield tag="583" ind1=" " ind2=" "><marc:subfield code="3">Vol. 1 (NOVEMBER 1985)</marc:subfield><marc:subfield code="c">19890816</marc:subfield><marc:subfield code="f">Notice published</marc:subfield><marc:subfield code="l">Printed on acid-free paper that meets the full ANSI standard for Permanent Paper</marc:subfield></marc:datafield><marc:datafield tag="650" ind1=" " ind2="2"><marc:subfield code="a">Cell Biology</marc:subfield></marc:datafield><marc:datafield tag="650" ind1=" " ind2="2"><marc:subfield code="a">Cells</marc:subfield></marc:datafield><marc:datafield tag="655" ind1=" " ind2="2"><marc:subfield code="a">Periodicals</marc:subfield></marc:datafield><marc:datafield tag="710" ind1="2" ind2=" "><marc:subfield code="a">Annual Reviews, Inc.</marc:subfield></marc:datafield><marc:datafield tag="785" ind1="0" ind2="0"><marc:subfield code="t">Annual review of cell and developmental biology</marc:subfield></marc:datafield><marc:datafield tag="910" ind1=" " ind2=" "><marc:subfield code="a">ARB</marc:subfield></marc:datafield><marc:datafield tag="990" ind1=" " ind2=" "><marc:subfield code="a">BIO</marc:subfield><marc:subfield code="a">HO</marc:subfield></marc:datafield><marc:datafield tag="995" ind1=" " ind2=" "><marc:subfield code="a">AUTH</marc:subfield><marc:subfield code="b">19860206</marc:subfield><marc:subfield code="c">REV</marc:subfield><marc:subfield code="d">20111118</marc:subfield></marc:datafield><marc:datafield tag="999" ind1=" " ind2=" "><marc:subfield code="a">AUTH</marc:subfield></marc:datafield></marc:record>