<marc:record xmlns:marc="http://www.loc.gov/MARC21/slim" xmlns:xsi="http://www.w3.org/2001/XMLSchema-instance"><marc:leader>04118caa a22005893  4500</marc:leader>
<marc:controlfield tag="001">1057031</marc:controlfield>
<marc:controlfield tag="005">20091107005032.0</marc:controlfield><marc:controlfield tag="008">931201s1991    enk          u00| 0 eng  </marc:controlfield><marc:datafield tag="035" ind1=" " ind2=" "><marc:subfield code="a">(DNLM)PIP:00221935</marc:subfield></marc:datafield><marc:datafield tag="035" ind1=" " ind2=" "><marc:subfield code="9">101057031</marc:subfield></marc:datafield><marc:datafield tag="040" ind1=" " ind2=" "><marc:subfield code="a">DNLM</marc:subfield><marc:subfield code="c">DNLM</marc:subfield></marc:datafield><marc:datafield tag="041" ind1="0" ind2="9"><marc:subfield code="a">eng</marc:subfield></marc:datafield><marc:datafield tag="044" ind1=" " ind2=" "><marc:subfield code="9">England</marc:subfield></marc:datafield><marc:datafield tag="088" ind1=" " ind2=" "><marc:subfield code="9">PIP</marc:subfield><marc:subfield code="a">075893</marc:subfield></marc:datafield><marc:datafield tag="245" ind1="0" ind2="0"><marc:subfield code="a">Antigens and antigen presentation in relation to vaccine development /</marc:subfield><marc:subfield code="c">G.L. Ada.</marc:subfield></marc:datafield><marc:datafield tag="260" ind1=" " ind2=" "><marc:subfield code="a">Cambridge, England, Cambridge University Press,</marc:subfield><marc:subfield code="c">1991.</marc:subfield></marc:datafield><marc:datafield tag="300" ind1=" " ind2=" "><marc:subfield code="a">p. 61-74.</marc:subfield></marc:datafield><marc:datafield tag="490" ind1="1" ind2=" "><marc:subfield code="a">Scientific basis of fertility regulation</marc:subfield></marc:datafield><marc:datafield tag="504" ind1=" " ind2=" "><marc:subfield code="a">Includes bibliographical references.</marc:subfield><marc:subfield code="b">(50 plus ref.)</marc:subfield></marc:datafield><marc:datafield tag="520" ind1="3" ind2=" "><marc:subfield code="a">Classification and analysis of antigens for development of vaccines are reviewed.  Of the 50 vaccines currently used in human and veterinary medicine, the most successful are live and attenuated viral antigens. Most attenuated virus are effective and long-lasting after a single dose, but may inactivated whole and subunit vaccines require multidoses. Bacterial vaccines include the attenuated BCG vaccine, less effective inactivated whole vaccines, and several subunit and toxoid vaccines. New approaches to vaccine development take into account knowledge of T and B cell dynamics.  Both types of lymphocytes recognize epitopes of 6-8 amino acids or 4-5 sugars.  B cells recognize intact antigens with a tertiary or quaternary shape on the Ig receptors at the B cell surface, but T cells recognize a major histocompatibility-peptide complex with a hydrophobic region at the surface of an antigen-presenting cell.  New possibilities for antigens include synthetic antigens (only in research stages), antigens produced through recombinant DNA (e.g., hepatitis B made in yeast, and several veterinary vaccines made in E. coli), recombinant live vectors (e.g., vaccinia, adenovirus, BCG, Salmonella). anti-idiotype antigens are theoretically possible and have been attempted with poliovirus type II and rabies.  New developments such as gene banks and monoclonal antibodies have greatly facilitated identification and isolation of candidates for vaccine antigens.  Ways to enhance the immunogenicity of simple antigens include new adjuvants, controlled release formulations, and recruitment of T-cells to help activate antigen-presenting cells.  Finally, new routes of administration will appear based on new knowledge of lymphocyte circulation.  Examples are oral administration of adenovirus vaccine, a virus that infects the respiratory tract, and the potential use of the oral route for organisms that infect the genital tract.</marc:subfield></marc:datafield><marc:datafield tag="650" ind1="1" ind2="2"><marc:subfield code="a">Antibody Formation</marc:subfield><marc:subfield code="8">p</marc:subfield></marc:datafield><marc:datafield tag="650" ind1="1" ind2="2"><marc:subfield code="a">Antigen-Antibody Reactions</marc:subfield><marc:subfield code="8">p</marc:subfield></marc:datafield><marc:datafield tag="650" ind1="1" ind2="2"><marc:subfield code="a">Cell Biology</marc:subfield><marc:subfield code="8">p</marc:subfield></marc:datafield><marc:datafield tag="650" ind1="1" ind2="2"><marc:subfield code="a">Immunoglobulins</marc:subfield><marc:subfield code="8">p</marc:subfield></marc:datafield><marc:datafield tag="650" ind1="1" ind2="2"><marc:subfield code="a">Immunologic Factors</marc:subfield><marc:subfield code="8">p</marc:subfield></marc:datafield><marc:datafield tag="650" ind1="1" ind2="2"><marc:subfield code="a">Leukocytosis</marc:subfield><marc:subfield code="8">p</marc:subfield></marc:datafield><marc:datafield tag="650" ind1="1" ind2="2"><marc:subfield code="a">Research</marc:subfield><marc:subfield code="8">p</marc:subfield></marc:datafield><marc:datafield tag="650" ind1="1" ind2="2"><marc:subfield code="a">Vaccines</marc:subfield><marc:subfield code="8">p</marc:subfield></marc:datafield><marc:datafield tag="650" ind1="1" ind2="2"><marc:subfield code="a">Virus Diseases</marc:subfield><marc:subfield code="8">p</marc:subfield></marc:datafield><marc:datafield tag="650" ind1="2" ind2="2"><marc:subfield code="a">Antibodies</marc:subfield><marc:subfield code="8">p</marc:subfield></marc:datafield><marc:datafield tag="650" ind1="2" ind2="2"><marc:subfield code="a">Biology</marc:subfield><marc:subfield code="8">p</marc:subfield></marc:datafield><marc:datafield tag="650" ind1="2" ind2="2"><marc:subfield code="a">Blood</marc:subfield><marc:subfield code="8">p</marc:subfield></marc:datafield><marc:datafield tag="650" ind1="2" ind2="2"><marc:subfield code="a">Disease</marc:subfield><marc:subfield code="8">p</marc:subfield></marc:datafield><marc:datafield tag="650" ind1="2" ind2="2"><marc:subfield code="a">Immunity</marc:subfield><marc:subfield code="8">p</marc:subfield></marc:datafield><marc:datafield tag="650" ind1="2" ind2="2"><marc:subfield code="a">Infection</marc:subfield><marc:subfield code="8">p</marc:subfield></marc:datafield><marc:datafield tag="650" ind1="2" ind2="2"><marc:subfield code="a">Physiology</marc:subfield><marc:subfield code="8">p</marc:subfield></marc:datafield><marc:datafield tag="690" ind1="1" ind2=" "><marc:subfield code="a">Bacterial And Fungal Diseases</marc:subfield><marc:subfield code="9">PIP keyword</marc:subfield><marc:subfield code="8">p</marc:subfield></marc:datafield><marc:datafield tag="690" ind1="1" ind2=" "><marc:subfield code="a">Clinical Research</marc:subfield><marc:subfield code="9">PIP keyword</marc:subfield><marc:subfield code="8">p</marc:subfield></marc:datafield><marc:datafield tag="690" ind1="1" ind2=" "><marc:subfield code="a">Immunoglobulin Alterations</marc:subfield><marc:subfield code="9">PIP keyword</marc:subfield><marc:subfield code="8">p</marc:subfield></marc:datafield><marc:datafield tag="690" ind1="1" ind2=" "><marc:subfield code="a">Literature Review</marc:subfield><marc:subfield code="9">PIP keyword</marc:subfield><marc:subfield code="8">p</marc:subfield></marc:datafield><marc:datafield tag="690" ind1="1" ind2=" "><marc:subfield code="a">Vaccines</marc:subfield><marc:subfield code="x">pharmacodynamics</marc:subfield><marc:subfield code="9">PIP keyword</marc:subfield><marc:subfield code="8">p</marc:subfield></marc:datafield><marc:datafield tag="690" ind1="1" ind2=" "><marc:subfield code="a">Viral Diseases</marc:subfield><marc:subfield code="9">PIP keyword</marc:subfield><marc:subfield code="8">p</marc:subfield></marc:datafield><marc:datafield tag="690" ind1="2" ind2=" "><marc:subfield code="a">Diseases</marc:subfield><marc:subfield code="9">PIP keyword</marc:subfield><marc:subfield code="8">p</marc:subfield></marc:datafield><marc:datafield tag="690" ind1="2" ind2=" "><marc:subfield code="a">Hematological Effects</marc:subfield><marc:subfield code="9">PIP keyword</marc:subfield><marc:subfield code="8">p</marc:subfield></marc:datafield><marc:datafield tag="690" ind1="2" ind2=" "><marc:subfield code="a">Hemic System</marc:subfield><marc:subfield code="9">PIP keyword</marc:subfield><marc:subfield code="8">p</marc:subfield></marc:datafield><marc:datafield tag="690" ind1="2" ind2=" "><marc:subfield code="a">Infections</marc:subfield><marc:subfield code="9">PIP keyword</marc:subfield><marc:subfield code="8">p</marc:subfield></marc:datafield><marc:datafield tag="690" ind1="2" ind2=" "><marc:subfield code="a">Research Methodology</marc:subfield><marc:subfield code="9">PIP keyword</marc:subfield><marc:subfield code="8">p</marc:subfield></marc:datafield><marc:datafield tag="700" ind1="1" ind2=" "><marc:subfield code="a">Ada, G. L.</marc:subfield></marc:datafield><marc:datafield tag="773" ind1="0" ind2=" "><marc:subfield code="t">Vaccines for fertility regulation: the assessment of their safety and efficacy. Proceedings of a Symposium on Assessing the Safety and Efficacy of Vaccines to Regulate Fertility, convened by the WHO Special Programme of Research, Development and Research Training in Human Reproduction, Geneva, June 1989, edited by G.L. Ada, P.D. Griffin</marc:subfield></marc:datafield><marc:datafield tag="830" ind1=" " ind2="0"><marc:subfield code="a">Scientific basis of fertility regulation.</marc:subfield></marc:datafield><marc:datafield tag="998" ind1=" " ind2=" "><marc:subfield code="a">PIPREL</marc:subfield><marc:subfield code="b">19931201</marc:subfield></marc:datafield><marc:datafield tag="999" ind1=" " ind2=" "><marc:subfield code="a">PIP</marc:subfield></marc:datafield></marc:record>