<marc:record xmlns:marc="http://www.loc.gov/MARC21/slim" xmlns:xsi="http://www.w3.org/2001/XMLSchema-instance"><marc:leader>01462cas a2200361   4500</marc:leader>
<marc:controlfield tag="001">513061</marc:controlfield>
<marc:controlfield tag="005">20091106231556.0</marc:controlfield><marc:controlfield tag="008">790517d19701970sz ar         0||| 0ger  </marc:controlfield><marc:datafield tag="035" ind1=" " ind2=" "><marc:subfield code="a">(DNLM)A59190000(s)</marc:subfield></marc:datafield><marc:datafield tag="035" ind1=" " ind2=" "><marc:subfield code="a">(OCoLC)50380165</marc:subfield></marc:datafield><marc:datafield tag="035" ind1=" " ind2=" "><marc:subfield code="9">7904503</marc:subfield></marc:datafield><marc:datafield tag="040" ind1=" " ind2=" "><marc:subfield code="a">DNLM</marc:subfield><marc:subfield code="c">DNLM</marc:subfield></marc:datafield><marc:datafield tag="041" ind1="0" ind2="9"><marc:subfield code="a">ger</marc:subfield><marc:subfield code="b">ger</marc:subfield></marc:datafield><marc:datafield tag="044" ind1=" " ind2=" "><marc:subfield code="9">Switzerland</marc:subfield></marc:datafield><marc:datafield tag="060" ind1="0" ind2="0"><marc:subfield code="a">W3</marc:subfield><marc:subfield code="b">AR145D</marc:subfield></marc:datafield><marc:datafield tag="245" ind1="0" ind2="0"><marc:subfield code="a">Arbeitstagung für Klinische Cytologie.</marc:subfield></marc:datafield><marc:datafield tag="260" ind1=" " ind2=" "><marc:subfield code="a">[s.l.,</marc:subfield><marc:subfield code="b">s.n.,</marc:subfield><marc:subfield code="c">197-?-197-?]</marc:subfield></marc:datafield><marc:datafield tag="300" ind1=" " ind2=" "><marc:subfield code="a">v.</marc:subfield><marc:subfield code="b">ill.</marc:subfield></marc:datafield><marc:datafield tag="310" ind1=" " ind2=" "><marc:subfield code="a">Annual</marc:subfield></marc:datafield><marc:datafield tag="500" ind1=" " ind2=" "><marc:subfield code="a">Editor: J. Jenny.</marc:subfield></marc:datafield><marc:datafield tag="550" ind1=" " ind2=" "><marc:subfield code="a">Issued by the Schweizerische Gesellschaft für Klinische Cytologie, the Oesterreichische Gesellschaft für Angewandte Zytologie and the Deutsche Gesellschaft für Zytologie.</marc:subfield></marc:datafield><marc:datafield tag="580" ind1=" " ind2=" "><marc:subfield code="a">Continued by Arbeitstagung für Klinische Zytologie.</marc:subfield></marc:datafield><marc:datafield tag="598" ind1=" " ind2=" "><marc:subfield code="a">ISSUED BY SCHWEIZERISCHE GESELLSCHAFT FUR KLINISCHE CYTOLOGIE, THE OSTERREICHISCHE GESELLSCHAFT FUR ANGEWANDTE ZYTOLOGIE AND THE DEUTSCHE GESELLSCHAFT FUR ZYTOLOGIE. CONTINUED BY ARBEITSTAGUNG FUR KLINISCHE ZYTOLOGIE.</marc:subfield><marc:subfield code="b">197?-197?</marc:subfield></marc:datafield><marc:datafield tag="650" ind1=" " ind2="2"><marc:subfield code="a">Cell Biology</marc:subfield></marc:datafield><marc:datafield tag="650" ind1=" " ind2="2"><marc:subfield code="a">Cytodiagnosis</marc:subfield></marc:datafield><marc:datafield tag="655" ind1=" " ind2="2"><marc:subfield code="a">Congresses</marc:subfield></marc:datafield><marc:datafield tag="700" ind1="1" ind2=" "><marc:subfield code="a">Jenny, Jacques Walter,</marc:subfield><marc:subfield code="d">1927-</marc:subfield></marc:datafield><marc:datafield tag="710" ind1="2" ind2=" "><marc:subfield code="a">Schweizerische Gesellschaft für Klinische Cytologie.</marc:subfield></marc:datafield><marc:datafield tag="710" ind1="2" ind2=" "><marc:subfield code="a">Österreichische Gesellschaft für Angewandte Zytologie.</marc:subfield></marc:datafield><marc:datafield tag="710" ind1="2" ind2=" "><marc:subfield code="a">Deutsche Gesellschaft für Zytologie.</marc:subfield></marc:datafield><marc:datafield tag="785" ind1="1" ind2="0"><marc:subfield code="t">Arbeitstagung für Klinische Zytologie</marc:subfield></marc:datafield><marc:datafield tag="995" ind1=" " ind2=" "><marc:subfield code="a">AUTH</marc:subfield><marc:subfield code="b">19790517</marc:subfield><marc:subfield code="c">REV</marc:subfield><marc:subfield code="d">20091106</marc:subfield></marc:datafield><marc:datafield tag="999" ind1=" " ind2=" "><marc:subfield code="a">AUTH</marc:subfield></marc:datafield></marc:record>