<marc:record xmlns:marc="http://www.loc.gov/MARC21/slim" xmlns:xsi="http://www.w3.org/2001/XMLSchema-instance"><marc:leader>01892cas a2200529   4500</marc:leader>
<marc:controlfield tag="001">481919</marc:controlfield>
<marc:controlfield tag="005">20111118235200.0</marc:controlfield><marc:controlfield tag="008">760827d19761998fr br         0||| 0fre  </marc:controlfield><marc:datafield tag="010" ind1=" " ind2=" "><marc:subfield code="a">sn80-13332</marc:subfield></marc:datafield><marc:datafield tag="022" ind1=" " ind2=" "><marc:subfield code="a">0395-501X</marc:subfield><marc:subfield code="l">0395-501X</marc:subfield></marc:datafield><marc:datafield tag="030" ind1=" " ind2=" "><marc:subfield code="a">AACRDQ</marc:subfield></marc:datafield><marc:datafield tag="035" ind1=" " ind2=" "><marc:subfield code="a">(DNLM)A60495000(s)</marc:subfield></marc:datafield><marc:datafield tag="035" ind1=" " ind2=" "><marc:subfield code="a">(OCoLC)02433324</marc:subfield></marc:datafield><marc:datafield tag="035" ind1=" " ind2=" "><marc:subfield code="9">7609770</marc:subfield></marc:datafield><marc:datafield tag="040" ind1=" " ind2=" "><marc:subfield code="a">DNLM</marc:subfield><marc:subfield code="c">DNLM</marc:subfield></marc:datafield><marc:datafield tag="041" ind1="0" ind2="9"><marc:subfield code="a">fre</marc:subfield><marc:subfield code="b">eng</marc:subfield><marc:subfield code="b">fre</marc:subfield></marc:datafield><marc:datafield tag="044" ind1=" " ind2=" "><marc:subfield code="9">France</marc:subfield></marc:datafield><marc:datafield tag="060" ind1="0" ind2="0"><marc:subfield code="a">W1</marc:subfield><marc:subfield code="b">AR312E</marc:subfield></marc:datafield><marc:datafield tag="210" ind1="1" ind2="0"><marc:subfield code="a">Arch Anat Cytol Pathol</marc:subfield><marc:subfield code="2">DNLM</marc:subfield></marc:datafield><marc:datafield tag="210" ind1="1" ind2="0"><marc:subfield code="9">Arch. Anat. Cytol. Pathol.</marc:subfield></marc:datafield><marc:datafield tag="222" ind1=" " ind2="0"><marc:subfield code="a">Archives d'anatomie et de cytologie pathologiques</marc:subfield></marc:datafield><marc:datafield tag="245" ind1="0" ind2="0"><marc:subfield code="a">Archives d'anatomie et de cytologie pathologiques.</marc:subfield></marc:datafield><marc:datafield tag="246" ind1="1" ind2=" "><marc:subfield code="i">Vol. 46, no. 4 and no. 5-6 have also English title:</marc:subfield><marc:subfield code="a">Clinical and experimental pathology</marc:subfield></marc:datafield><marc:datafield tag="246" ind1="2" ind2=" "><marc:subfield code="0">ARCH ANAT CYTOL PATHOL</marc:subfield><marc:subfield code="9">n</marc:subfield></marc:datafield><marc:datafield tag="260" ind1=" " ind2=" "><marc:subfield code="a">Paris,</marc:subfield><marc:subfield code="b">Expansion scientifique française.</marc:subfield></marc:datafield><marc:datafield tag="300" ind1=" " ind2=" "><marc:subfield code="a">v.</marc:subfield><marc:subfield code="b">ill.</marc:subfield></marc:datafield><marc:datafield tag="310" ind1=" " ind2=" "><marc:subfield code="a">Bimonthly</marc:subfield></marc:datafield><marc:datafield tag="362" ind1="0" ind2=" "><marc:subfield code="a">v. 24-    1976-</marc:subfield></marc:datafield><marc:datafield tag="362" ind1="1" ind2=" "><marc:subfield code="a">Ceased with v. 46, no 5-6, 1998.</marc:subfield></marc:datafield><marc:datafield tag="510" ind1="1" ind2=" "><marc:subfield code="9">4</marc:subfield><marc:subfield code="a">Index medicus</marc:subfield><marc:subfield code="x">0019-3879</marc:subfield><marc:subfield code="b">v24n1, 1976-v46n5-6, 1998</marc:subfield></marc:datafield><marc:datafield tag="510" ind1="1" ind2=" "><marc:subfield code="9">4</marc:subfield><marc:subfield code="a">MEDLINE</marc:subfield><marc:subfield code="b">v24n1, 1976-v46n5-6, 1998</marc:subfield></marc:datafield><marc:datafield tag="510" ind1="1" ind2=" "><marc:subfield code="9">4</marc:subfield><marc:subfield code="a">PubMed</marc:subfield><marc:subfield code="b">v24n1, 1976-v46n5-6, 1998</marc:subfield></marc:datafield><marc:datafield tag="546" ind1=" " ind2=" "><marc:subfield code="a">Articles in French; summaries in English and French.</marc:subfield></marc:datafield><marc:datafield tag="550" ind1=" " ind2=" "><marc:subfield code="a">Vols. for   -1998 issued by Semaine des hôpitaux and Association d'enseignement médical des hôpitaux de Paris.</marc:subfield></marc:datafield><marc:datafield tag="583" ind1=" " ind2=" "><marc:subfield code="3">Vol. 28, no. 1 (1980)</marc:subfield><marc:subfield code="c">19920916</marc:subfield><marc:subfield code="f">Notice not published</marc:subfield><marc:subfield code="l">Printed on acid-free paper</marc:subfield></marc:datafield><marc:datafield tag="650" ind1=" " ind2="2"><marc:subfield code="a">Anatomy</marc:subfield></marc:datafield><marc:datafield tag="650" ind1=" " ind2="2"><marc:subfield code="a">Cell Biology</marc:subfield></marc:datafield><marc:datafield tag="650" ind1=" " ind2="2"><marc:subfield code="a">Pathology</marc:subfield></marc:datafield><marc:datafield tag="655" ind1=" " ind2="2"><marc:subfield code="a">Periodicals</marc:subfield></marc:datafield><marc:datafield tag="710" ind1="2" ind2=" "><marc:subfield code="a">Semaine des hôpitaux.</marc:subfield></marc:datafield><marc:datafield tag="710" ind1="2" ind2=" "><marc:subfield code="a">Association d'enseignement médical des hôpitaux de Paris.</marc:subfield></marc:datafield><marc:datafield tag="780" ind1="0" ind2="0"><marc:subfield code="t">Archives d'anatomie pathologique</marc:subfield></marc:datafield><marc:datafield tag="785" ind1="0" ind2="0"><marc:subfield code="t">Clinical and experimental pathology</marc:subfield></marc:datafield><marc:datafield tag="910" ind1=" " ind2=" "><marc:subfield code="a">60B</marc:subfield></marc:datafield><marc:datafield tag="988" ind1=" " ind2=" "><marc:subfield code="a">100889732</marc:subfield><marc:subfield code="b">19990521</marc:subfield></marc:datafield><marc:datafield tag="995" ind1=" " ind2=" "><marc:subfield code="a">AUTH</marc:subfield><marc:subfield code="b">19760827</marc:subfield><marc:subfield code="c">REV</marc:subfield><marc:subfield code="d">20111118</marc:subfield></marc:datafield><marc:datafield tag="999" ind1=" " ind2=" "><marc:subfield code="a">AUTH</marc:subfield></marc:datafield></marc:record>