<marc:record xmlns:marc="http://www.loc.gov/MARC21/slim" xmlns:xsi="http://www.w3.org/2001/XMLSchema-instance"><marc:leader>01662cas a2200505 a 4500</marc:leader>
<marc:controlfield tag="001">643747</marc:controlfield>
<marc:controlfield tag="005">20120625105302.0</marc:controlfield><marc:controlfield tag="007">cr|cn ||||||||</marc:controlfield><marc:controlfield tag="008">880602c19889999ja || p       0    0eng  </marc:controlfield><marc:datafield tag="022" ind1=" " ind2=" "><marc:subfield code="a">0914-9465</marc:subfield><marc:subfield code="l">0914-9465</marc:subfield><marc:subfield code="y">0004-0681</marc:subfield><marc:subfield code="9">PY</marc:subfield><marc:subfield code="0">(Print)</marc:subfield></marc:datafield><marc:datafield tag="022" ind1=" " ind2=" "><marc:subfield code="a">1349-1717</marc:subfield><marc:subfield code="9">EN</marc:subfield><marc:subfield code="0">(Electronic)</marc:subfield></marc:datafield><marc:datafield tag="030" ind1=" " ind2=" "><marc:subfield code="a">AHCYEZ</marc:subfield></marc:datafield><marc:datafield tag="035" ind1=" " ind2=" "><marc:subfield code="a">(DNLM)SR0062475(s)</marc:subfield></marc:datafield><marc:datafield tag="035" ind1=" " ind2=" "><marc:subfield code="a">(OCoLC)18091878</marc:subfield></marc:datafield><marc:datafield tag="035" ind1=" " ind2=" "><marc:subfield code="9">8806082</marc:subfield></marc:datafield><marc:datafield tag="040" ind1=" " ind2=" "><marc:subfield code="a">DNLM</marc:subfield><marc:subfield code="c">DNLM</marc:subfield></marc:datafield><marc:datafield tag="041" ind1="0" ind2="9"><marc:subfield code="a">eng</marc:subfield><marc:subfield code="b">eng</marc:subfield></marc:datafield><marc:datafield tag="044" ind1=" " ind2=" "><marc:subfield code="9">Japan</marc:subfield></marc:datafield><marc:datafield tag="060" ind1="0" ind2="0"><marc:subfield code="a">W1</marc:subfield><marc:subfield code="b">AR455BB</marc:subfield></marc:datafield><marc:datafield tag="210" ind1="1" ind2="0"><marc:subfield code="a">Arch Histol Cytol</marc:subfield><marc:subfield code="2">DNLM</marc:subfield></marc:datafield><marc:datafield tag="210" ind1="1" ind2="0"><marc:subfield code="9">Arch. Histol. Cytol.</marc:subfield></marc:datafield><marc:datafield tag="222" ind1=" " ind2="0"><marc:subfield code="a">Archives of histology and cytology</marc:subfield></marc:datafield><marc:datafield tag="245" ind1="0" ind2="0"><marc:subfield code="a">Archives of histology and cytology.</marc:subfield></marc:datafield><marc:datafield tag="246" ind1="2" ind2=" "><marc:subfield code="0">ARCH HISTOL CYTOL</marc:subfield><marc:subfield code="9">n</marc:subfield></marc:datafield><marc:datafield tag="260" ind1=" " ind2=" "><marc:subfield code="a">Niigata, Japan :</marc:subfield><marc:subfield code="b">Japan Society of Histological Documentation,</marc:subfield><marc:subfield code="c">c1988-</marc:subfield></marc:datafield><marc:datafield tag="300" ind1=" " ind2=" "><marc:subfield code="a">v. :</marc:subfield><marc:subfield code="b">ill.</marc:subfield></marc:datafield><marc:datafield tag="310" ind1=" " ind2=" "><marc:subfield code="a">Three no. a year,</marc:subfield><marc:subfield code="b">2010/2011-</marc:subfield></marc:datafield><marc:datafield tag="321" ind1=" " ind2=" "><marc:subfield code="a">Five no. a year,</marc:subfield><marc:subfield code="b">1988-2009</marc:subfield></marc:datafield><marc:datafield tag="362" ind1="0" ind2=" "><marc:subfield code="a">Vol. 51, no. 1 (Mar. 1988)-</marc:subfield></marc:datafield><marc:datafield tag="500" ind1=" " ind2=" "><marc:subfield code="a">Title from cover.</marc:subfield></marc:datafield><marc:datafield tag="510" ind1="1" ind2=" "><marc:subfield code="9">1</marc:subfield><marc:subfield code="a">Index medicus</marc:subfield><marc:subfield code="x">0019-3879</marc:subfield><marc:subfield code="b">v51n1,Mar. 1988-</marc:subfield></marc:datafield><marc:datafield tag="510" ind1="1" ind2=" "><marc:subfield code="9">1</marc:subfield><marc:subfield code="a">MEDLINE</marc:subfield><marc:subfield code="b">v51n1,Mar. 1988-</marc:subfield></marc:datafield><marc:datafield tag="510" ind1="1" ind2=" "><marc:subfield code="9">1</marc:subfield><marc:subfield code="a">PubMed</marc:subfield><marc:subfield code="b">v51n1,Mar. 1988-</marc:subfield></marc:datafield><marc:datafield tag="515" ind1=" " ind2=" "><marc:subfield code="a">No. 4 (2010) and no. 5 (2010) not published.</marc:subfield></marc:datafield><marc:datafield tag="530" ind1=" " ind2=" "><marc:subfield code="a">Also issued online.</marc:subfield></marc:datafield><marc:datafield tag="596" ind1=" " ind2=" "><marc:subfield code="a">Index medicus ceased as a print publication December 2004.</marc:subfield></marc:datafield><marc:datafield tag="650" ind1=" " ind2="2"><marc:subfield code="a">Cell Biology</marc:subfield></marc:datafield><marc:datafield tag="650" ind1=" " ind2="2"><marc:subfield code="a">Histology</marc:subfield></marc:datafield><marc:datafield tag="655" ind1=" " ind2="2"><marc:subfield code="a">Periodicals</marc:subfield></marc:datafield><marc:datafield tag="710" ind1="2" ind2=" "><marc:subfield code="a">Nihon Soshikigaku Kirokukai.</marc:subfield></marc:datafield><marc:datafield tag="780" ind1="0" ind2="0"><marc:subfield code="t">Archivum histologicum Japonicum</marc:subfield><marc:subfield code="x">0004-0681</marc:subfield><marc:subfield code="w">(DLC)sf 88090771</marc:subfield><marc:subfield code="w">(OCoLC)1513973</marc:subfield></marc:datafield><marc:datafield tag="856" ind1="4" ind2=" "><marc:subfield code="u">http://www.jstage.jst.go.jp/browse/aohc/</marc:subfield></marc:datafield><marc:datafield tag="910" ind1=" " ind2=" "><marc:subfield code="a">ARO</marc:subfield></marc:datafield><marc:datafield tag="995" ind1=" " ind2=" "><marc:subfield code="a">AUTH</marc:subfield><marc:subfield code="b">19880602</marc:subfield><marc:subfield code="c">REV</marc:subfield><marc:subfield code="d">20120625</marc:subfield></marc:datafield><marc:datafield tag="999" ind1=" " ind2=" "><marc:subfield code="a">AUTH</marc:subfield></marc:datafield></marc:record>