<marc:record xmlns:marc="http://www.loc.gov/MARC21/slim" xmlns:xsi="http://www.w3.org/2001/XMLSchema-instance"><marc:leader>03404caa a22006733  4500</marc:leader>
<marc:controlfield tag="001">934571</marc:controlfield>
<marc:controlfield tag="005">20081122025243.0</marc:controlfield><marc:controlfield tag="008">980330s1997    xxu          u10| 0 eng  </marc:controlfield><marc:datafield tag="035" ind1=" " ind2=" "><marc:subfield code="a">(DNLM)NASA:98607200</marc:subfield></marc:datafield><marc:datafield tag="035" ind1=" " ind2=" "><marc:subfield code="9">100934571</marc:subfield></marc:datafield><marc:datafield tag="040" ind1=" " ind2=" "><marc:subfield code="a">DNLM</marc:subfield><marc:subfield code="c">DNLM</marc:subfield></marc:datafield><marc:datafield tag="041" ind1="0" ind2="9"><marc:subfield code="a">eng</marc:subfield></marc:datafield><marc:datafield tag="044" ind1=" " ind2=" "><marc:subfield code="9">United States</marc:subfield></marc:datafield><marc:datafield tag="088" ind1=" " ind2=" "><marc:subfield code="9">NASA</marc:subfield><marc:subfield code="a">00021382</marc:subfield></marc:datafield><marc:datafield tag="245" ind1="0" ind2="0"><marc:subfield code="a">Assessment of three types of spaceflight hardware for tissue culture studies :</marc:subfield><marc:subfield code="b">comparison of skeletal tissue growth and differentiation /</marc:subfield><marc:subfield code="c">B.J. Klement, B.S. Spooner.</marc:subfield></marc:datafield><marc:datafield tag="260" ind1=" " ind2=" "><marc:subfield code="a">Woodbury, NY :</marc:subfield><marc:subfield code="b">American Institute of Physics,</marc:subfield><marc:subfield code="c">1997.</marc:subfield></marc:datafield><marc:datafield tag="300" ind1=" " ind2=" "><marc:subfield code="a">p. 927-932.</marc:subfield></marc:datafield><marc:datafield tag="490" ind1="1" ind2=" "><marc:subfield code="a">AIP conference proceedings,</marc:subfield><marc:subfield code="x">0094-243X ;</marc:subfield><marc:subfield code="v">387</marc:subfield></marc:datafield><marc:datafield tag="490" ind1="0" ind2=" "><marc:subfield code="a">DOE CONF,</marc:subfield><marc:subfield code="x">0094-243X ;</marc:subfield><marc:subfield code="v">970115</marc:subfield></marc:datafield><marc:datafield tag="500" ind1=" " ind2=" "><marc:subfield code="a">Conference held 1997 Jan 26-30.</marc:subfield></marc:datafield><marc:datafield tag="500" ind1=" " ind2=" "><marc:subfield code="a">NAG8-1124.</marc:subfield></marc:datafield><marc:datafield tag="500" ind1=" " ind2=" "><marc:subfield code="a">NAGW-2328.</marc:subfield></marc:datafield><marc:datafield tag="520" ind1="3" ind2=" "><marc:subfield code="a">The BioProcessing Module (BPM), Materials Dispersion Apparatus (MDA), and Fluid Processing Apparatus (FPA) were assessed for their ability to support tissue culture during space flight. Tissue used in the experiments was cultured mouse pre-metatarsal mesenchyme. Tissue analysis examined measurement of the length of the cartilage rods, detection of mineralized tissue, and observation of terminally differentiated chondrocytes. Only the rods grown in the FPA showed consistently longer growth in length and none of the systems supported cell differentiation or mineralization.</marc:subfield><marc:subfield code="9">NASA</marc:subfield></marc:datafield><marc:datafield tag="630" ind1="0" ind2="2"><marc:subfield code="a">STS-67 Shuttle Project</marc:subfield><marc:subfield code="x">manned</marc:subfield><marc:subfield code="x">short duration</marc:subfield><marc:subfield code="8">s</marc:subfield></marc:datafield><marc:datafield tag="630" ind1="0" ind2="2"><marc:subfield code="a">STS-69 Shuttle Project</marc:subfield><marc:subfield code="x">manned</marc:subfield><marc:subfield code="x">short duration</marc:subfield><marc:subfield code="8">s</marc:subfield></marc:datafield><marc:datafield tag="630" ind1="0" ind2="2"><marc:subfield code="a">STS-54 Shuttle Project</marc:subfield><marc:subfield code="x">manned</marc:subfield><marc:subfield code="x">short duration</marc:subfield><marc:subfield code="8">s</marc:subfield></marc:datafield><marc:datafield tag="630" ind1="0" ind2="2"><marc:subfield code="a">STS-60 Shuttle Project</marc:subfield><marc:subfield code="x">manned</marc:subfield><marc:subfield code="x">short duration</marc:subfield><marc:subfield code="8">s</marc:subfield></marc:datafield><marc:datafield tag="630" ind1="0" ind2="2"><marc:subfield code="a">STS-62 Shuttle Project</marc:subfield><marc:subfield code="x">manned</marc:subfield><marc:subfield code="x">short duration</marc:subfield><marc:subfield code="8">s</marc:subfield></marc:datafield><marc:datafield tag="650" ind1="1" ind2="2"><marc:subfield code="a">Bioreactors</marc:subfield><marc:subfield code="8">s</marc:subfield></marc:datafield><marc:datafield tag="650" ind1="1" ind2="2"><marc:subfield code="a">Chondrocytes</marc:subfield><marc:subfield code="x">cytology</marc:subfield><marc:subfield code="8">s</marc:subfield></marc:datafield><marc:datafield tag="650" ind1="1" ind2="2"><marc:subfield code="a">Culture Techniques</marc:subfield><marc:subfield code="x">instrumentation</marc:subfield><marc:subfield code="8">s</marc:subfield></marc:datafield><marc:datafield tag="650" ind1="1" ind2="2"><marc:subfield code="a">Metatarsal Bones</marc:subfield><marc:subfield code="x">growth &amp; development</marc:subfield><marc:subfield code="8">s</marc:subfield></marc:datafield><marc:datafield tag="650" ind1="1" ind2="2"><marc:subfield code="a">Space Flight</marc:subfield><marc:subfield code="x">instrumentation</marc:subfield><marc:subfield code="8">s</marc:subfield></marc:datafield><marc:datafield tag="650" ind1="1" ind2="2"><marc:subfield code="a">Weightlessness</marc:subfield><marc:subfield code="8">s</marc:subfield></marc:datafield><marc:datafield tag="650" ind1="2" ind2="2"><marc:subfield code="a">Bone Development</marc:subfield><marc:subfield code="8">s</marc:subfield></marc:datafield><marc:datafield tag="650" ind1="2" ind2="2"><marc:subfield code="a">Cartilage</marc:subfield><marc:subfield code="x">cytology</marc:subfield><marc:subfield code="8">s</marc:subfield></marc:datafield><marc:datafield tag="650" ind1="2" ind2="2"><marc:subfield code="a">Cartilage</marc:subfield><marc:subfield code="x">embryology</marc:subfield><marc:subfield code="8">s</marc:subfield></marc:datafield><marc:datafield tag="650" ind1="2" ind2="2"><marc:subfield code="a">Cartilage</marc:subfield><marc:subfield code="x">growth &amp; development</marc:subfield><marc:subfield code="8">s</marc:subfield></marc:datafield><marc:datafield tag="650" ind1="2" ind2="2"><marc:subfield code="a">Cell Differentiation</marc:subfield><marc:subfield code="8">s</marc:subfield></marc:datafield><marc:datafield tag="650" ind1="2" ind2="2"><marc:subfield code="a">Equipment Design</marc:subfield><marc:subfield code="8">s</marc:subfield></marc:datafield><marc:datafield tag="650" ind1="2" ind2="2"><marc:subfield code="a">Mesoderm</marc:subfield><marc:subfield code="x">cytology</marc:subfield><marc:subfield code="8">s</marc:subfield></marc:datafield><marc:datafield tag="650" ind1="2" ind2="2"><marc:subfield code="a">Metatarsal Bones</marc:subfield><marc:subfield code="x">cytology</marc:subfield><marc:subfield code="8">s</marc:subfield></marc:datafield><marc:datafield tag="650" ind1="2" ind2="2"><marc:subfield code="a">Metatarsal Bones</marc:subfield><marc:subfield code="x">embryology</marc:subfield><marc:subfield code="8">s</marc:subfield></marc:datafield><marc:datafield tag="650" ind1="2" ind2="2"><marc:subfield code="a">Mice</marc:subfield><marc:subfield code="8">s</marc:subfield></marc:datafield><marc:datafield tag="650" ind1="2" ind2="2"><marc:subfield code="a">Animals</marc:subfield><marc:subfield code="e">check tag</marc:subfield><marc:subfield code="8">s</marc:subfield></marc:datafield><marc:datafield tag="655" ind1=" " ind2="2"><marc:subfield code="a">Comparative Study</marc:subfield><marc:subfield code="8">s</marc:subfield></marc:datafield><marc:datafield tag="655" ind1=" " ind2="2"><marc:subfield code="a">Congresses</marc:subfield><marc:subfield code="8">s</marc:subfield></marc:datafield><marc:datafield tag="655" ind1=" " ind2="2"><marc:subfield code="a">Evaluation Studies</marc:subfield><marc:subfield code="8">s</marc:subfield></marc:datafield><marc:datafield tag="655" ind1=" " ind2="2"><marc:subfield code="a">Research Support, U.S. Gov't, Non-P.H.S.</marc:subfield><marc:subfield code="8">s</marc:subfield></marc:datafield><marc:datafield tag="690" ind1=" " ind2=" "><marc:subfield code="a">Cell Biology</marc:subfield><marc:subfield code="9">NASA discipline</marc:subfield><marc:subfield code="8">s</marc:subfield></marc:datafield><marc:datafield tag="690" ind1=" " ind2=" "><marc:subfield code="a">Flight Experiment</marc:subfield><marc:subfield code="9">NASA</marc:subfield><marc:subfield code="8">s</marc:subfield></marc:datafield><marc:datafield tag="700" ind1="1" ind2=" "><marc:subfield code="a">Klement, B. J.</marc:subfield><marc:subfield code="u">Space Medicine and Life Sciences Research Center, Department of Anatomy, Morehouse School of Medicine, Atlanta, GA 30310-1495, USA.</marc:subfield></marc:datafield><marc:datafield tag="700" ind1="1" ind2=" "><marc:subfield code="a">Spooner, B. S.,</marc:subfield><marc:subfield code="e">Investigator, Non-NASA center: KS St U, Manhattan.</marc:subfield></marc:datafield><marc:datafield tag="711" ind1="2" ind2="2"><marc:subfield code="a">Space Technology &amp; Applications International Forum (STAIF-97)</marc:subfield><marc:subfield code="d">(1997 :</marc:subfield><marc:subfield code="c">: Albuquerque, NM))</marc:subfield></marc:datafield><marc:datafield tag="711" ind1="2" ind2="2"><marc:subfield code="a">Conference on Commercial Development of Space</marc:subfield><marc:subfield code="n">(2nd :</marc:subfield><marc:subfield code="d">1997 :</marc:subfield><marc:subfield code="c">: Albuquerque, NM))</marc:subfield></marc:datafield><marc:datafield tag="773" ind1="0" ind2=" "><marc:subfield code="t">El-Genk MS, ed. Space Technology &amp; Applications International Forum (STAIF-97). Part 2</marc:subfield><marc:subfield code="z">1563966891(Pt.2:Casebound).</marc:subfield><marc:subfield code="z">156396693X(Pt.2:Paperback).</marc:subfield></marc:datafield><marc:datafield tag="830" ind1=" " ind2="0"><marc:subfield code="a">AIP conference proceedings,</marc:subfield><marc:subfield code="v">387.</marc:subfield></marc:datafield><marc:datafield tag="998" ind1=" " ind2=" "><marc:subfield code="a">NASREL</marc:subfield><marc:subfield code="b">19980330</marc:subfield></marc:datafield><marc:datafield tag="999" ind1=" " ind2=" "><marc:subfield code="a">NASA</marc:subfield></marc:datafield></marc:record>