<marc:record xmlns:marc="http://www.loc.gov/MARC21/slim" xmlns:xsi="http://www.w3.org/2001/XMLSchema-instance"><marc:leader>00664cam a2200253   4500</marc:leader>
<marc:controlfield tag="001">111803</marc:controlfield>
<marc:controlfield tag="005">20091106223944.0</marc:controlfield><marc:controlfield tag="008">730228s1972    xx ||||  |||| 00||0|fre  </marc:controlfield><marc:datafield tag="010" ind1=" " ind2=" "><marc:subfield code="a">73-594696</marc:subfield></marc:datafield><marc:datafield tag="035" ind1=" " ind2=" "><marc:subfield code="9">0351243</marc:subfield></marc:datafield><marc:datafield tag="040" ind1=" " ind2=" "><marc:subfield code="a">DNLM</marc:subfield><marc:subfield code="c">DNLM</marc:subfield></marc:datafield><marc:datafield tag="041" ind1="0" ind2="9"><marc:subfield code="a">fre</marc:subfield></marc:datafield><marc:datafield tag="060" ind1="0" ind2="0"><marc:subfield code="a">QH 581</marc:subfield><marc:subfield code="b">S565a</marc:subfield></marc:datafield><marc:datafield tag="100" ind1="1" ind2=" "><marc:subfield code="a">Sicard, André.</marc:subfield></marc:datafield><marc:datafield tag="245" ind1="1" ind2="0"><marc:subfield code="a">Atlas de cytologie,</marc:subfield><marc:subfield code="b">collection [par] André Sicard et Colette Marsan.</marc:subfield></marc:datafield><marc:datafield tag="250" ind1=" " ind2=" "><marc:subfield code="a">2. éd.</marc:subfield></marc:datafield><marc:datafield tag="260" ind1=" " ind2=" "><marc:subfield code="a">Paris,</marc:subfield><marc:subfield code="b">Editions Varia</marc:subfield><marc:subfield code="c">[1972]-</marc:subfield></marc:datafield><marc:datafield tag="300" ind1=" " ind2=" "><marc:subfield code="a">v.</marc:subfield><marc:subfield code="b">illus.</marc:subfield></marc:datafield><marc:datafield tag="650" ind1=" " ind2="2"><marc:subfield code="a">Cell Biology</marc:subfield></marc:datafield><marc:datafield tag="655" ind1=" " ind2="2"><marc:subfield code="a">Atlases</marc:subfield></marc:datafield><marc:datafield tag="700" ind1="1" ind2=" "><marc:subfield code="a">Marsan, Colette.</marc:subfield></marc:datafield><marc:datafield tag="995" ind1=" " ind2=" "><marc:subfield code="a">AUTH</marc:subfield><marc:subfield code="b">19730228</marc:subfield><marc:subfield code="c">REV</marc:subfield><marc:subfield code="d">20091106</marc:subfield></marc:datafield><marc:datafield tag="998" ind1=" " ind2=" "><marc:subfield code="a">MNT</marc:subfield><marc:subfield code="b">19981016</marc:subfield><marc:subfield code="c">CheckCY</marc:subfield></marc:datafield><marc:datafield tag="999" ind1=" " ind2=" "><marc:subfield code="a">AUTH</marc:subfield></marc:datafield></marc:record>