<marc:record xmlns:marc="http://www.loc.gov/MARC21/slim" xmlns:xsi="http://www.w3.org/2001/XMLSchema-instance"><marc:leader>00966cam a2200277   4500</marc:leader>
<marc:controlfield tag="001">95866</marc:controlfield>
<marc:controlfield tag="005">20091106223740.0</marc:controlfield><marc:controlfield tag="008">701224s1970    ru ||||  |||| 00| 0|rus  </marc:controlfield><marc:datafield tag="035" ind1=" " ind2=" "><marc:subfield code="9">0270676</marc:subfield></marc:datafield><marc:datafield tag="040" ind1=" " ind2=" "><marc:subfield code="a">DNLM</marc:subfield><marc:subfield code="c">DNLM</marc:subfield></marc:datafield><marc:datafield tag="041" ind1="0" ind2="9"><marc:subfield code="a">rus</marc:subfield></marc:datafield><marc:datafield tag="044" ind1=" " ind2=" "><marc:subfield code="9">Russia (Federation)</marc:subfield></marc:datafield><marc:datafield tag="060" ind1="0" ind2="0"><marc:subfield code="a">QS 517</marc:subfield><marc:subfield code="b">E43a 1970</marc:subfield></marc:datafield><marc:datafield tag="100" ind1="1" ind2=" "><marc:subfield code="a">Eliseev, V. G.</marc:subfield><marc:subfield code="q">(Vladimir Grigorʹevich),</marc:subfield><marc:subfield code="d">1899-1966.</marc:subfield></marc:datafield><marc:datafield tag="245" ind1="1" ind2="0"><marc:subfield code="a">Atlas mikroskopicheskogo i ul'tramikroskopicheskogo stroeniia kletok, thaneĭ i organov.</marc:subfield><marc:subfield code="b">[Avtory]: V. G. Eliseev, IU. I. Afanas'ev [i] E. F. Kotovskiĭ.</marc:subfield></marc:datafield><marc:datafield tag="250" ind1=" " ind2=" "><marc:subfield code="a">2. izd. ispr. i dop.</marc:subfield></marc:datafield><marc:datafield tag="260" ind1=" " ind2=" "><marc:subfield code="a">Moskva,</marc:subfield><marc:subfield code="b">Meditsina,</marc:subfield><marc:subfield code="c">1970.</marc:subfield></marc:datafield><marc:datafield tag="300" ind1=" " ind2=" "><marc:subfield code="a">399 p.</marc:subfield><marc:subfield code="b">illus.</marc:subfield></marc:datafield><marc:datafield tag="500" ind1=" " ind2=" "><marc:subfield code="a">1st ed has title: Atlas mikroskopicheskogo stroeniia tkaneĭ i organov.</marc:subfield></marc:datafield><marc:datafield tag="650" ind1=" " ind2="2"><marc:subfield code="a">Cell Biology</marc:subfield></marc:datafield><marc:datafield tag="650" ind1=" " ind2="2"><marc:subfield code="a">Histology</marc:subfield></marc:datafield><marc:datafield tag="655" ind1=" " ind2="2"><marc:subfield code="a">Atlases</marc:subfield></marc:datafield><marc:datafield tag="700" ind1="1" ind2=" "><marc:subfield code="a">Afanasʹev, I͡U. I.</marc:subfield><marc:subfield code="q">(I͡Uliĭ Ivanovich)</marc:subfield></marc:datafield><marc:datafield tag="700" ind1="1" ind2=" "><marc:subfield code="a">Kotovskiĭ, E. F.</marc:subfield><marc:subfield code="q">(Evgeniĭ Fedorovich)</marc:subfield></marc:datafield><marc:datafield tag="995" ind1=" " ind2=" "><marc:subfield code="a">AUTH</marc:subfield><marc:subfield code="b">19701224</marc:subfield><marc:subfield code="c">REV</marc:subfield><marc:subfield code="d">20091106</marc:subfield></marc:datafield><marc:datafield tag="999" ind1=" " ind2=" "><marc:subfield code="a">AUTH</marc:subfield></marc:datafield></marc:record>