<marc:record xmlns:marc="http://www.loc.gov/MARC21/slim" xmlns:xsi="http://www.w3.org/2001/XMLSchema-instance"><marc:leader>00917caa a22002773  4500</marc:leader>
<marc:controlfield tag="001">918121</marc:controlfield>
<marc:controlfield tag="005">20091107001836.0</marc:controlfield><marc:controlfield tag="008">760721s1971    xx           u00| 0dund  </marc:controlfield><marc:datafield tag="035" ind1=" " ind2=" "><marc:subfield code="a">(DNLM)HISTLINE:97641752</marc:subfield></marc:datafield><marc:datafield tag="035" ind1=" " ind2=" "><marc:subfield code="9">100918121</marc:subfield></marc:datafield><marc:datafield tag="040" ind1=" " ind2=" "><marc:subfield code="a">DNLM</marc:subfield><marc:subfield code="c">DNLM</marc:subfield></marc:datafield><marc:datafield tag="060" ind1="0" ind2="0"><marc:subfield code="a">WZ 40</marc:subfield><marc:subfield code="b">M491 1971 (p.245-258)</marc:subfield></marc:datafield><marc:datafield tag="245" ind1="0" ind2="0"><marc:subfield code="a">Auf dem Wege zur Gewebepatologie :</marc:subfield><marc:subfield code="b">1769 erkennt Cotugno die schichteigenen Veränderungen der Haut im Verlaufe des Pockenprozesses /</marc:subfield><marc:subfield code="c">L. Belloni.</marc:subfield></marc:datafield><marc:datafield tag="260" ind1=" " ind2=" "><marc:subfield code="a">Stuttgart,</marc:subfield><marc:subfield code="c">1971.</marc:subfield></marc:datafield><marc:datafield tag="300" ind1=" " ind2=" "><marc:subfield code="a">p. 245-258.</marc:subfield></marc:datafield><marc:datafield tag="600" ind1="1" ind2="4"><marc:subfield code="a">Cotugno, Domenico,</marc:subfield><marc:subfield code="d">1736-1822.</marc:subfield><marc:subfield code="8">s</marc:subfield></marc:datafield><marc:datafield tag="650" ind1="1" ind2="2"><marc:subfield code="a">Cell Biology</marc:subfield><marc:subfield code="x">history</marc:subfield><marc:subfield code="8">s</marc:subfield></marc:datafield><marc:datafield tag="650" ind1="1" ind2="2"><marc:subfield code="a">Smallpox</marc:subfield><marc:subfield code="x">history</marc:subfield><marc:subfield code="8">s</marc:subfield></marc:datafield><marc:datafield tag="650" ind1="2" ind2="2"><marc:subfield code="a">History, Modern 1601-</marc:subfield><marc:subfield code="8">s</marc:subfield></marc:datafield><marc:datafield tag="651" ind1=" " ind2="2"><marc:subfield code="a">Italy</marc:subfield><marc:subfield code="8">s</marc:subfield></marc:datafield><marc:datafield tag="655" ind1=" " ind2="2"><marc:subfield code="a">Biography</marc:subfield><marc:subfield code="8">s</marc:subfield></marc:datafield><marc:datafield tag="655" ind1=" " ind2="2"><marc:subfield code="a">Historical article</marc:subfield><marc:subfield code="8">s</marc:subfield></marc:datafield><marc:datafield tag="700" ind1="1" ind2=" "><marc:subfield code="a">Belloni, L.</marc:subfield></marc:datafield><marc:datafield tag="773" ind1="0" ind2=" "><marc:subfield code="t">Eulner HH, et al ed: Medizingeschichte in unserer Zeit</marc:subfield><marc:subfield code="9">1300775</marc:subfield></marc:datafield><marc:datafield tag="998" ind1=" " ind2=" "><marc:subfield code="a">HISREL</marc:subfield><marc:subfield code="b">19760721</marc:subfield></marc:datafield><marc:datafield tag="999" ind1=" " ind2=" "><marc:subfield code="a">HISTLINE</marc:subfield></marc:datafield></marc:record>