<marc:record xmlns:marc="http://www.loc.gov/MARC21/slim" xmlns:xsi="http://www.w3.org/2001/XMLSchema-instance"><marc:leader>00542cam a2200217   4500</marc:leader>
<marc:controlfield tag="001">12422</marc:controlfield>
<marc:controlfield tag="005">20100825134827.0</marc:controlfield><marc:controlfield tag="008">680630s1964    ne a|||  |||| 00| 0|eng  </marc:controlfield><marc:datafield tag="035" ind1=" " ind2=" "><marc:subfield code="9">0025564</marc:subfield></marc:datafield><marc:datafield tag="040" ind1=" " ind2=" "><marc:subfield code="a">DNLM</marc:subfield><marc:subfield code="c">DNLM</marc:subfield></marc:datafield><marc:datafield tag="041" ind1="0" ind2="9"><marc:subfield code="a">eng</marc:subfield></marc:datafield><marc:datafield tag="044" ind1=" " ind2=" "><marc:subfield code="9">Netherlands</marc:subfield></marc:datafield><marc:datafield tag="060" ind1="0" ind2="0"><marc:subfield code="a">QW 52</marc:subfield><marc:subfield code="b">S179b 1964</marc:subfield></marc:datafield><marc:datafield tag="100" ind1="1" ind2=" "><marc:subfield code="a">Salton, Milton R. J.</marc:subfield></marc:datafield><marc:datafield tag="245" ind1="1" ind2="4"><marc:subfield code="a">The bacterial cell wall.</marc:subfield></marc:datafield><marc:datafield tag="260" ind1=" " ind2=" "><marc:subfield code="a">Amsterdam :</marc:subfield><marc:subfield code="b">Elsevier,</marc:subfield><marc:subfield code="c">1964.</marc:subfield></marc:datafield><marc:datafield tag="300" ind1=" " ind2=" "><marc:subfield code="a">xii, 293 p. :</marc:subfield><marc:subfield code="b">illus.</marc:subfield></marc:datafield><marc:datafield tag="650" ind1=" " ind2="2"><marc:subfield code="a">Bacteria</marc:subfield></marc:datafield><marc:datafield tag="650" ind1=" " ind2="2"><marc:subfield code="a">Cell Biology</marc:subfield></marc:datafield><marc:datafield tag="995" ind1=" " ind2=" "><marc:subfield code="a">AUTH</marc:subfield><marc:subfield code="b">19680630</marc:subfield><marc:subfield code="c">REV</marc:subfield><marc:subfield code="d">20100825</marc:subfield></marc:datafield><marc:datafield tag="999" ind1=" " ind2=" "><marc:subfield code="a">AUTH</marc:subfield></marc:datafield></marc:record>