<marc:record xmlns:marc="http://www.loc.gov/MARC21/slim" xmlns:xsi="http://www.w3.org/2001/XMLSchema-instance"><marc:leader>00618cam a2200229   4500</marc:leader>
<marc:controlfield tag="001">25131</marc:controlfield>
<marc:controlfield tag="005">20091106222735.0</marc:controlfield><marc:controlfield tag="008">660920s1965    xx ||||  |||| 00||0|ger b</marc:controlfield><marc:datafield tag="035" ind1=" " ind2=" "><marc:subfield code="9">0057017</marc:subfield></marc:datafield><marc:datafield tag="040" ind1=" " ind2=" "><marc:subfield code="a">DNLM</marc:subfield><marc:subfield code="c">DNLM</marc:subfield></marc:datafield><marc:datafield tag="041" ind1="0" ind2="9"><marc:subfield code="a">ger</marc:subfield></marc:datafield><marc:datafield tag="060" ind1="0" ind2="0"><marc:subfield code="a">QH 581</marc:subfield><marc:subfield code="b">K66b 1965</marc:subfield></marc:datafield><marc:datafield tag="100" ind1="1" ind2=" "><marc:subfield code="a">Klug, Herbert.</marc:subfield></marc:datafield><marc:datafield tag="245" ind1="1" ind2="0"><marc:subfield code="a">Bau und Funktion tierischer Zellen.</marc:subfield></marc:datafield><marc:datafield tag="250" ind1=" " ind2=" "><marc:subfield code="a">3., unveränderte Aufl.</marc:subfield></marc:datafield><marc:datafield tag="260" ind1=" " ind2=" "><marc:subfield code="a">Wittenberg,</marc:subfield><marc:subfield code="b">Ziemsen,</marc:subfield><marc:subfield code="c">1965.</marc:subfield></marc:datafield><marc:datafield tag="300" ind1=" " ind2=" "><marc:subfield code="a">240 p.</marc:subfield><marc:subfield code="b">illus.</marc:subfield></marc:datafield><marc:datafield tag="650" ind1=" " ind2="2"><marc:subfield code="a">Cell Biology</marc:subfield></marc:datafield><marc:datafield tag="830" ind1=" " ind2="4"><marc:subfield code="a">Die Neue Brehm-Bücherei,</marc:subfield><marc:subfield code="v">Heft 275.</marc:subfield></marc:datafield><marc:datafield tag="995" ind1=" " ind2=" "><marc:subfield code="a">AUTH</marc:subfield><marc:subfield code="b">19660920</marc:subfield><marc:subfield code="c">REV</marc:subfield><marc:subfield code="d">20091106</marc:subfield></marc:datafield><marc:datafield tag="998" ind1=" " ind2=" "><marc:subfield code="a">MNT</marc:subfield><marc:subfield code="b">19981016</marc:subfield><marc:subfield code="c">CheckCY</marc:subfield></marc:datafield><marc:datafield tag="999" ind1=" " ind2=" "><marc:subfield code="a">AUTH</marc:subfield></marc:datafield></marc:record>