<marc:record xmlns:marc="http://www.loc.gov/MARC21/slim" xmlns:xsi="http://www.w3.org/2001/XMLSchema-instance"><marc:leader>01391cas a22004814a 4500</marc:leader>
<marc:controlfield tag="001">1134214</marc:controlfield>
<marc:controlfield tag="005">20091107010451.0</marc:controlfield><marc:controlfield tag="008">991022d19981998mdugr         0    0eng d</marc:controlfield><marc:datafield tag="010" ind1=" " ind2=" "><marc:subfield code="a">   00242006 </marc:subfield></marc:datafield><marc:datafield tag="022" ind1=" " ind2=" "><marc:subfield code="y">1042-7236</marc:subfield></marc:datafield><marc:datafield tag="035" ind1=" " ind2=" "><marc:subfield code="a">(OCoLC)42685829</marc:subfield></marc:datafield><marc:datafield tag="035" ind1=" " ind2=" "><marc:subfield code="9">101134214</marc:subfield></marc:datafield><marc:datafield tag="040" ind1=" " ind2=" "><marc:subfield code="a">OKH</marc:subfield><marc:subfield code="c">OKH</marc:subfield><marc:subfield code="d">MYG</marc:subfield></marc:datafield><marc:datafield tag="041" ind1="0" ind2="9"><marc:subfield code="a">eng</marc:subfield></marc:datafield><marc:datafield tag="042" ind1=" " ind2=" "><marc:subfield code="a">lcd</marc:subfield><marc:subfield code="a">nlmcopyc</marc:subfield></marc:datafield><marc:datafield tag="043" ind1=" " ind2=" "><marc:subfield code="a">n-us-md</marc:subfield></marc:datafield><marc:datafield tag="044" ind1=" " ind2=" "><marc:subfield code="9">United States</marc:subfield></marc:datafield><marc:datafield tag="050" ind1="1" ind2="4"><marc:subfield code="a">R862.C49</marc:subfield><marc:subfield code="b">H68a</marc:subfield></marc:datafield><marc:datafield tag="060" ind1="0" ind2="0"><marc:subfield code="a">W1</marc:subfield><marc:subfield code="b">HO97H</marc:subfield></marc:datafield><marc:datafield tag="092" ind1=" " ind2=" "><marc:subfield code="a">616</marc:subfield></marc:datafield><marc:datafield tag="110" ind1="2" ind2=" "><marc:subfield code="a">Howard Hughes Medical Institute.</marc:subfield></marc:datafield><marc:datafield tag="245" ind1="1" ind2="0"><marc:subfield code="a">Biennial scientific report /</marc:subfield><marc:subfield code="c">Howard Hughes Medical Institute.</marc:subfield></marc:datafield><marc:datafield tag="260" ind1=" " ind2=" "><marc:subfield code="a">[Chevy Chase, Md.] :</marc:subfield><marc:subfield code="b">The Institute,</marc:subfield><marc:subfield code="c">c1999.</marc:subfield></marc:datafield><marc:datafield tag="300" ind1=" " ind2=" "><marc:subfield code="a">1 v. ;</marc:subfield><marc:subfield code="c">29 cm.</marc:subfield></marc:datafield><marc:datafield tag="310" ind1=" " ind2=" "><marc:subfield code="a">Biennial</marc:subfield></marc:datafield><marc:datafield tag="362" ind1="0" ind2=" "><marc:subfield code="a">1996-1998.</marc:subfield></marc:datafield><marc:datafield tag="500" ind1=" " ind2=" "><marc:subfield code="a">No more published.</marc:subfield></marc:datafield><marc:datafield tag="515" ind1=" " ind2=" "><marc:subfield code="a">Reports cover fiscal years, Sept.-Aug.</marc:subfield></marc:datafield><marc:datafield tag="610" ind1="2" ind2="2"><marc:subfield code="a">Howard Hughes Medical Institute.</marc:subfield></marc:datafield><marc:datafield tag="650" ind1="1" ind2="2"><marc:subfield code="a">Allergy and Immunology</marc:subfield></marc:datafield><marc:datafield tag="650" ind1="2" ind2="2"><marc:subfield code="a">Cell Biology</marc:subfield></marc:datafield><marc:datafield tag="650" ind1="2" ind2="2"><marc:subfield code="a">Genetics</marc:subfield></marc:datafield><marc:datafield tag="650" ind1="2" ind2="2"><marc:subfield code="a">Medicine</marc:subfield></marc:datafield><marc:datafield tag="650" ind1="2" ind2="2"><marc:subfield code="a">Neurosciences</marc:subfield></marc:datafield><marc:datafield tag="650" ind1="2" ind2="2"><marc:subfield code="a">Research</marc:subfield></marc:datafield><marc:datafield tag="655" ind1=" " ind2="2"><marc:subfield code="a">Periodicals</marc:subfield></marc:datafield><marc:datafield tag="780" ind1="0" ind2="0"><marc:subfield code="a">Howard Hughes Medical Institute.</marc:subfield><marc:subfield code="t">Annual scientific report</marc:subfield><marc:subfield code="x">1042-7236</marc:subfield><marc:subfield code="w">(DLC)sn 89006487</marc:subfield><marc:subfield code="w">(OCoLC)15644363</marc:subfield></marc:datafield><marc:datafield tag="992" ind1=" " ind2=" "><marc:subfield code="p">P2</marc:subfield><marc:subfield code="e">E4</marc:subfield><marc:subfield code="a">20020103</marc:subfield></marc:datafield><marc:datafield tag="993" ind1=" " ind2=" "><marc:subfield code="a">SYM</marc:subfield><marc:subfield code="b">20020104</marc:subfield></marc:datafield><marc:datafield tag="994" ind1=" " ind2=" "><marc:subfield code="a">CDN</marc:subfield><marc:subfield code="b">20020104</marc:subfield></marc:datafield><marc:datafield tag="995" ind1=" " ind2=" "><marc:subfield code="a">AUTH</marc:subfield><marc:subfield code="b">20020104</marc:subfield><marc:subfield code="c">REV</marc:subfield><marc:subfield code="d">20091106</marc:subfield></marc:datafield><marc:datafield tag="997" ind1=" " ind2=" "><marc:subfield code="a">Ceased per pub claim response</marc:subfield></marc:datafield><marc:datafield tag="999" ind1=" " ind2=" "><marc:subfield code="a">AUTH</marc:subfield></marc:datafield></marc:record>