<marc:record xmlns:marc="http://www.loc.gov/MARC21/slim" xmlns:xsi="http://www.w3.org/2001/XMLSchema-instance"><marc:leader>01429cam a2200301   4500</marc:leader>
<marc:controlfield tag="001">22021</marc:controlfield>
<marc:controlfield tag="005">20091106222708.0</marc:controlfield><marc:controlfield tag="008">660629s1966    mdu||||  |||| 10| 0|eng  </marc:controlfield><marc:datafield tag="035" ind1=" " ind2=" "><marc:subfield code="9">0051033</marc:subfield></marc:datafield><marc:datafield tag="040" ind1=" " ind2=" "><marc:subfield code="a">DNLM</marc:subfield><marc:subfield code="c">DNLM</marc:subfield></marc:datafield><marc:datafield tag="041" ind1="0" ind2="9"><marc:subfield code="a">eng</marc:subfield></marc:datafield><marc:datafield tag="044" ind1=" " ind2=" "><marc:subfield code="9">United States</marc:subfield></marc:datafield><marc:datafield tag="060" ind1="0" ind2="0"><marc:subfield code="a">W3</marc:subfield><marc:subfield code="b">IN911 1965b</marc:subfield></marc:datafield><marc:datafield tag="111" ind1="2" ind2=" "><marc:subfield code="a">International Symposium in Biochemical Pathology</marc:subfield><marc:subfield code="n">(1st :</marc:subfield><marc:subfield code="d">1965 :</marc:subfield><marc:subfield code="c">Champion, Pa.)</marc:subfield></marc:datafield><marc:datafield tag="245" ind1="1" ind2="0"><marc:subfield code="a">Biochemical pathology;</marc:subfield><marc:subfield code="b">proceedings of the first International Symposium in Biochemical Pathology, held at Seven Springs, Champion, Pennsylvania, June 13 through June 16, 1965.  Organized and ed. by Emmanuel Farber and Peter N. Magee.</marc:subfield></marc:datafield><marc:datafield tag="260" ind1=" " ind2=" "><marc:subfield code="a">Baltimore,</marc:subfield><marc:subfield code="b">Williams &amp; Wilkins,</marc:subfield><marc:subfield code="c">1966.</marc:subfield></marc:datafield><marc:datafield tag="300" ind1=" " ind2=" "><marc:subfield code="a">vii, 244 p.</marc:subfield><marc:subfield code="b">illus.</marc:subfield></marc:datafield><marc:datafield tag="500" ind1=" " ind2=" "><marc:subfield code="a">Sponsored by the Dept. of Pathology, University of Pittsburgh School of Medicine, aided by grants from the National Institute of General Medical Sciences of the National Institutes of Health, United States Public Health Service and from Fisher Scientific Company.</marc:subfield></marc:datafield><marc:datafield tag="500" ind1=" " ind2=" "><marc:subfield code="a">Reprinted from Laboratory investigation, v. 15, no. 1, pt. 1.</marc:subfield></marc:datafield><marc:datafield tag="650" ind1=" " ind2="2"><marc:subfield code="a">Biochemistry</marc:subfield></marc:datafield><marc:datafield tag="650" ind1=" " ind2="2"><marc:subfield code="a">Cell Biology</marc:subfield></marc:datafield><marc:datafield tag="650" ind1=" " ind2="2"><marc:subfield code="a">Pathology</marc:subfield></marc:datafield><marc:datafield tag="655" ind1=" " ind2="2"><marc:subfield code="a">Congresses</marc:subfield></marc:datafield><marc:datafield tag="700" ind1="1" ind2=" "><marc:subfield code="a">Farber, Emmanuel,</marc:subfield><marc:subfield code="d">1918-</marc:subfield></marc:datafield><marc:datafield tag="710" ind1="2" ind2=" "><marc:subfield code="a">University of Pittsburgh.</marc:subfield><marc:subfield code="b">School of Medicine.</marc:subfield><marc:subfield code="b">Dept. of Pathology.</marc:subfield></marc:datafield><marc:datafield tag="710" ind1="2" ind2=" "><marc:subfield code="a">National Institute of General Medical Sciences (U.S.)</marc:subfield></marc:datafield><marc:datafield tag="995" ind1=" " ind2=" "><marc:subfield code="a">AUTH</marc:subfield><marc:subfield code="b">19660629</marc:subfield><marc:subfield code="c">REV</marc:subfield><marc:subfield code="d">20091106</marc:subfield></marc:datafield><marc:datafield tag="999" ind1=" " ind2=" "><marc:subfield code="a">AUTH</marc:subfield></marc:datafield></marc:record>