<marc:record xmlns:marc="http://www.loc.gov/MARC21/slim" xmlns:xsi="http://www.w3.org/2001/XMLSchema-instance"><marc:leader>02274cas a2200637 a 4500</marc:leader>
<marc:controlfield tag="001">615931</marc:controlfield>
<marc:controlfield tag="005">20120726100159.0</marc:controlfield><marc:controlfield tag="007">cr|cn ||||||||</marc:controlfield><marc:controlfield tag="008">860502c19869999oncbr p       0    0eng  </marc:controlfield><marc:datafield tag="010" ind1=" " ind2=" "><marc:subfield code="a">   86647146 </marc:subfield><marc:subfield code="z">cn 86071672</marc:subfield></marc:datafield><marc:datafield tag="022" ind1=" " ind2=" "><marc:subfield code="a">0829-8211</marc:subfield><marc:subfield code="l">0829-8211</marc:subfield><marc:subfield code="9">PY</marc:subfield><marc:subfield code="0">(Print)</marc:subfield></marc:datafield><marc:datafield tag="022" ind1=" " ind2=" "><marc:subfield code="a">1208-6002</marc:subfield><marc:subfield code="9">EN</marc:subfield><marc:subfield code="0">(Electronic)</marc:subfield></marc:datafield><marc:datafield tag="030" ind1=" " ind2=" "><marc:subfield code="a">BCBIEQ</marc:subfield></marc:datafield><marc:datafield tag="035" ind1=" " ind2=" "><marc:subfield code="a">(DNLM)SR0056550(s)</marc:subfield></marc:datafield><marc:datafield tag="035" ind1=" " ind2=" "><marc:subfield code="a">(OCoLC)13240569</marc:subfield></marc:datafield><marc:datafield tag="035" ind1=" " ind2=" "><marc:subfield code="9">8606068</marc:subfield></marc:datafield><marc:datafield tag="040" ind1=" " ind2=" "><marc:subfield code="a">DNLM</marc:subfield><marc:subfield code="c">DNLM</marc:subfield></marc:datafield><marc:datafield tag="041" ind1="0" ind2="9"><marc:subfield code="a">eng</marc:subfield><marc:subfield code="b">fre</marc:subfield></marc:datafield><marc:datafield tag="042" ind1=" " ind2=" "><marc:subfield code="a">isds/c</marc:subfield></marc:datafield><marc:datafield tag="044" ind1=" " ind2=" "><marc:subfield code="9">Canada</marc:subfield></marc:datafield><marc:datafield tag="060" ind1="0" ind2="0"><marc:subfield code="a">W1</marc:subfield><marc:subfield code="b">BI6305</marc:subfield></marc:datafield><marc:datafield tag="210" ind1="1" ind2="0"><marc:subfield code="a">Biochem Cell Biol</marc:subfield><marc:subfield code="2">DNLM</marc:subfield></marc:datafield><marc:datafield tag="210" ind1="1" ind2="0"><marc:subfield code="9">Biochem. Cell Biol.</marc:subfield></marc:datafield><marc:datafield tag="222" ind1=" " ind2="0"><marc:subfield code="a">Biochemistry and cell biology</marc:subfield></marc:datafield><marc:datafield tag="245" ind1="0" ind2="0"><marc:subfield code="a">Biochemistry and cell biology =</marc:subfield><marc:subfield code="b">Biochimie et biologie cellulaire.</marc:subfield></marc:datafield><marc:datafield tag="246" ind1="1" ind2="4"><marc:subfield code="a">Canadian journal of biochemistry and cell biology =</marc:subfield><marc:subfield code="b">Revue canadienne de biochimie et biologie cellulaire</marc:subfield></marc:datafield><marc:datafield tag="246" ind1="3" ind2="1"><marc:subfield code="a">Biochimie et biologie cellulaire</marc:subfield></marc:datafield><marc:datafield tag="246" ind1="3" ind2="0"><marc:subfield code="a">Revue canadienne de biochimie et biologie cellulaire</marc:subfield></marc:datafield><marc:datafield tag="246" ind1="2" ind2=" "><marc:subfield code="0">BIOCHEM CELL BIOL</marc:subfield><marc:subfield code="9">n</marc:subfield></marc:datafield><marc:datafield tag="260" ind1=" " ind2=" "><marc:subfield code="a">Ottawa, Ont. :</marc:subfield><marc:subfield code="b">National Research Council of Canada,</marc:subfield><marc:subfield code="c">c1986-</marc:subfield></marc:datafield><marc:datafield tag="300" ind1=" " ind2=" "><marc:subfield code="a">v. :</marc:subfield><marc:subfield code="b">ill.</marc:subfield></marc:datafield><marc:datafield tag="310" ind1=" " ind2=" "><marc:subfield code="a">Bimonthly</marc:subfield></marc:datafield><marc:datafield tag="321" ind1=" " ind2=" "><marc:subfield code="a">Monthly</marc:subfield><marc:subfield code="b">1986-1995</marc:subfield></marc:datafield><marc:datafield tag="362" ind1="0" ind2=" "><marc:subfield code="a">Vol. 64, no. 1 (Jan. 1986)-</marc:subfield></marc:datafield><marc:datafield tag="510" ind1="1" ind2=" "><marc:subfield code="9">1</marc:subfield><marc:subfield code="a">Index medicus</marc:subfield><marc:subfield code="b">v64n1, 1986-</marc:subfield></marc:datafield><marc:datafield tag="510" ind1="1" ind2=" "><marc:subfield code="9">1</marc:subfield><marc:subfield code="a">MEDLINE</marc:subfield><marc:subfield code="b">v64n1, 1986-</marc:subfield></marc:datafield><marc:datafield tag="510" ind1="0" ind2=" "><marc:subfield code="9">1</marc:subfield><marc:subfield code="a">PubMed</marc:subfield><marc:subfield code="b">v64n1, 1986-</marc:subfield></marc:datafield><marc:datafield tag="530" ind1=" " ind2=" "><marc:subfield code="a">Also issued online.</marc:subfield></marc:datafield><marc:datafield tag="546" ind1=" " ind2=" "><marc:subfield code="a">Articles in English; summaries in English and French.</marc:subfield></marc:datafield><marc:datafield tag="550" ind1=" " ind2=" "><marc:subfield code="a">Official journal of: the Canadian Biochemical Society and the Canadian Society for Cell Biology.</marc:subfield></marc:datafield><marc:datafield tag="596" ind1=" " ind2=" "><marc:subfield code="a">Selectively indexed through v68n4, Apr.1990.</marc:subfield></marc:datafield><marc:datafield tag="596" ind1=" " ind2=" "><marc:subfield code="a">Index medicus ceased as a print publication December 2004.</marc:subfield></marc:datafield><marc:datafield tag="650" ind1=" " ind2="2"><marc:subfield code="a">Biochemistry</marc:subfield></marc:datafield><marc:datafield tag="650" ind1=" " ind2="2"><marc:subfield code="a">Cell Biology</marc:subfield></marc:datafield><marc:datafield tag="655" ind1=" " ind2="2"><marc:subfield code="a">Periodicals</marc:subfield></marc:datafield><marc:datafield tag="710" ind1="2" ind2=" "><marc:subfield code="a">National Research Council Canada.</marc:subfield></marc:datafield><marc:datafield tag="710" ind1="2" ind2=" "><marc:subfield code="a">Canadian Biochemical Society.</marc:subfield></marc:datafield><marc:datafield tag="710" ind1="2" ind2=" "><marc:subfield code="a">Canadian Society for Cell Biology.</marc:subfield></marc:datafield><marc:datafield tag="780" ind1="0" ind2="0"><marc:subfield code="t">Canadian journal of biochemistry and cell biology</marc:subfield><marc:subfield code="x">0714-7511</marc:subfield><marc:subfield code="w">(DLC)   83642848</marc:subfield><marc:subfield code="w">(OCoLC)9312069</marc:subfield></marc:datafield><marc:datafield tag="856" ind1="4" ind2=" "><marc:subfield code="u">http://www.nrcresearchpress.com/journal/bcb</marc:subfield></marc:datafield><marc:datafield tag="910" ind1=" " ind2=" "><marc:subfield code="a">ALR</marc:subfield></marc:datafield><marc:datafield tag="990" ind1=" " ind2=" "><marc:subfield code="a">C96</marc:subfield></marc:datafield><marc:datafield tag="995" ind1=" " ind2=" "><marc:subfield code="a">AUTH</marc:subfield><marc:subfield code="b">19860502</marc:subfield><marc:subfield code="c">REV</marc:subfield><marc:subfield code="d">20120726</marc:subfield></marc:datafield><marc:datafield tag="997" ind1=" " ind2=" "><marc:subfield code="a">OMR</marc:subfield></marc:datafield><marc:datafield tag="998" ind1=" " ind2=" "><marc:subfield code="a">ERMSDB 170140</marc:subfield><marc:subfield code="b">20120726</marc:subfield></marc:datafield><marc:datafield tag="999" ind1=" " ind2=" "><marc:subfield code="a">AUTH</marc:subfield></marc:datafield></marc:record>